@article{betancur2015fossil,
  title={Fossil-based comparative analyses reveal ancient marine ancestry erased by extinction in ray-finned fishes},
  author={Betancur-R, Ricardo and Ort{\'\i}, Guillermo and Pyron, Robert Alexander},
  journal={Ecology Letters},
  volume={18},
  number={5},
  pages={441--450},
  year={2015}
}

@article{carrete2012there,
  title={Why are there so few fish in the sea?},
  author={Carrete Vega, Greta and Wiens, John J},
  journal={Proceedings of the Royal Society B: Biological Sciences},
  volume={279},
  number={1737},
  pages={2323--2329},
  year={2012}
}



@article{rabosky2018inverse,
  title={An inverse latitudinal gradient in speciation rate for marine fishes},
  author={Rabosky, Daniel L and Chang, Jonathan and Title, Pascal O and Cowman, Peter F and Sallan, Lauren and Friedman, Matt and Kaschner, Kristin and Garilao, Cristina and Near, Thomas J and Coll, Marta and others},
  journal={Nature},
  volume={559},
  number={7714},
  pages={392--395},
  year={2018}
}

@article{chang2019r,
  title={An R package and online resource for macroevolutionary studies using the ray-finnwed fish tree of life},
  author={Chang, Jonathan and Rabosky, Daniel L and Smith, Stephen A and Alfaro, Michael E},
  journal={Methods in Ecology and Evolution},
  volume={10},
  number={7},
  pages={1118--1124},
  year={2019},
  publisher={Wiley Online Library}
}

@article{boettiger2012rfishbase,
  title={rfishbase: exploring, manipulating and visualizing FishBase data from R},
  author={Boettiger, Carl and Lang, D Temple and Wainwright, PC},
  journal={Journal of Fish Biology},
  volume={81},
  number={6},
  pages={2030--2039},
  year={2012}
}

@misc{froese2010fishbase,
  title={FishBase},
  author={Froese, Rainer and Pauly, Daniel},
  year={2023},
  url={www.FishBase.org}
}

 @Manual{R,
    title = {R: A Language and Environment for Statistical Computing},
    author = {{R Core Team}},
    organization = {R Foundation for Statistical Computing},
    address = {Vienna, Austria},
    year = {2022},
    url = {https://www.R-project.org/},
  }

@article{schmidt2019freshwater,
  title={The Freshwater Information Platform: a global online network providing data, tools and resources for science and policy support},
  author={Schmidt-Kloiber, Astrid and Bremerich, Vanessa and De Wever, Aaike and J{\"a}hnig, Sonja C and Martens, Koen and Strackbein, J{\"o}rg and Tockner, Klement and Hering, Daniel},
  journal={Hydrobiologia},
  volume={838},
  pages={1--11},
  year={2019},
  publisher={Springer}
}

@article{costello2013global,
  title={Global coordination and standardisation in marine biodiversity through the World Register of Marine Species (WoRMS) and related databases},
  author={Costello, Mark J and Bouchet, Philippe and Boxshall, Geoff and Fauchald, Kristian and Gordon, Dennis and Hoeksema, Bert W and Poore, Gary CB and van Soest, Rob WM and St{\"o}hr, Sabine and Walter, T Chad and others},
  journal={PloS one},
  volume={8},
  number={1},
  pages={e51629},
  year={2013}
}

@Manual{worms,
    title = {worms: Retriving Aphia Information from World Register of Marine
Species},
    author = {Jan Holstein},
    year = {2018},
    note = {R package version 0.2.2},
    url = {https://CRAN.R-project.org/package=worms},
  }
  
@article{schultz2012euryhalinity,
  title={Euryhalinity in an evolutionary context},
  author={Schultz, Eric T and McCormick, Stephen D},
  journal={Fish physiology},
  volume={32},
  pages={477--533},
  year={2012},
  publisher={Elsevier}
}

@incollection{marshall2012osmoregulation,
  title={Osmoregulation in estuarine and intertidal fishes},
  author={Marshall, William S},
  booktitle={Fish physiology},
  volume={32},
  pages={395--434},
  year={2012},
  publisher={Elsevier}
}

@incollection{edwards2012principles,
  title={Principles and patterns of osmoregulation and euryhalinity in fishes},
  author={Edwards, Susan L and Marshall, William S},
  booktitle={Fish physiology},
  volume={32},
  pages={1--44},
  year={2012},
  publisher={Elsevier}
}

@incollection{evans2008osmotic,
  title={Osmotic and ionic regulation in fishes},
  author={Evans, David H and Claiborne, James B},
  booktitle={Osmotic and ionic regulation},
  pages={295--366},
  year={2008},
  publisher={CRC Press}
}

@article{kultz2015physiological,
  title={Physiological mechanisms used by fish to cope with salinity stress},
  author={K{\"u}ltz, Dietmar},
  journal={The Journal of Experimental Biology},
  volume={218},
  number={12},
  pages={1907--1914},
  year={2015}
}

@book{mccormick2013fish,
  title={Fish Physiology: Euryhaline Fishes},
  author={McCormick, Stephen D and Farrell, Anthony Peter and Brauner, Colin J},
  year={2013},
  publisher={Academic Press}
}

@Article{rgbif,
    title = {R Python, and Ruby clients for GBIF species occurrence data},
    author = {Scott Chamberlain and Carl Boettiger},
    journal = {PeerJ PrePrints},
    year = {2017},
    publisher = {PeerJ, Inc.}
  }
  
@Article{zizka,
    title = {CoordinateCleaner: standardized cleaning of occurrence records from biological collection databases},
    author = {Alexander Zizka and Daniele Silvestro and Tobias Andermann and Josue Azevedo and Camila {Duarte Ritter} and Daniel Edler and Harith Farooq and Andrei Herdean and Maria Ariza and Ruud Scharn and Sten Svanteson and Niklas Wengstrom and Vera Zizka and Alexandre Antonelli},
    journal = {Methods in Ecology and Evolution},
    number = {10},
    pages = {-7},
    year = {2019},
    note = {R package version 2.0-20},
    doi = {10.1111/2041-210X.13152}
    }

@article{patterson2012world,
  title={World urban areas, landscan, 1: 10 million (2012)},
  author={Patterson, T and Kelso, NV},
  journal={North American Cartographic Information Society},
  year={2012}
}

 @Book{sf,
    author = {Edzer Pebesma and Roger Bivand},
    title = {{Spatial Data Science: With applications in R}},
    year = {2023},
    publisher = {{Chapman and Hall/CRC}},
    pages = {352},
  }
  
@Manual{naturalearth,
    title = {rnaturalearth: World Map Data from Natural Earth},
    author = {Philippe Massicotte and Andy South},
    year = {2023},
    note = {R package version 0.3.2},
    url = {https://CRAN.R-project.org/package=rnaturalearth},
  }
  
@article{spalding2007marine,
  title={Marine ecoregions of the world: a bioregionalization of coastal and shelf areas},
  author={Spalding, Mark D and Fox, Helen E and Allen, Gerald R and Davidson, Nick and Ferda{\~n}a, Zach A and Finlayson, MAX and Halpern, Benjamin S and Jorge, Miguel A and Lombana, AL and Lourie, Sara A and others},
  journal={BioScience},
  volume={57},
  number={7},
  pages={573--583},
  year={2007}
}

@article{alder2003putting,
  title={Putting the coast in the Sea Around Us project},
  author={Alder, J},
  journal={The Sea Around Us Newsletter},
  volume={15},
  pages={1--2},
  year={2003}
}

 @Manual{ocedata,
    title = {ocedata: Oceanographic Data Sets for 'oce' Package},
    author = {Dan Kelley and Clark Richards},
    year = {2022},
    note = {R package version 0.2.2}
  }

@article{garcia2013world,
  title={World ocean atlas 2013. Volume 4, Dissolved inorganic nutrients (phosphate, nitrate, silicate)},
  author={Garcia, Hernan E and Locarnini, Ricardo A and Boyer, Timothy P and Antonov, John I and Baranova, Olga K and Zweng, Melissa M and Reagan, James R and Johnson, Daphne R and Mishonov, Alexey V and Levitus, Sydney},
  year={2013}
}

@article{abell2008freshwater,
  title={Freshwater ecoregions of the world: a new map of biogeographic units for freshwater biodiversity conservation},
  author={Abell, Robin and Thieme, Michele L and Revenga, Carmen and Bryer, Mark and Kottelat, Maurice and Bogutskaya, Nina and Coad, Brian and Mandrak, Nick and Balderas, Salvador Contreras and Bussing, William and others},
  journal={BioScience},
  volume={58},
  number={5},
  pages={403--414},
  year={2008}
}

@article{breiman2001random,
  title={Random forests},
  author={Breiman, Leo},
  journal={Machine learning},
  volume={45},
  pages={5--32},
  year={2001},
  publisher={Springer}
}

@Manual{h2o,
    title = {h2o: R Interface for the 'H2O' Scalable Machine Learning Platform},
    author = {Erin LeDell and Navdeep Gill and Spencer Aiello and Anqi Fu and Arno Candel and Cliff Click and Tom Kraljevic and Tomas Nykodym and Patrick Aboyoun and Michal Kurka and Michal Malohlava},
    year = {2023},
    note = {R package version 3.40.0.1},
    url = {https://CRAN.R-project.org/package=h2o},
  }
  
@article{friedman2001greedy,
  title={Greedy function approximation: a gradient boosting machine},
  author={Friedman, Jerome H},
  journal={Annals of statistics},
  pages={1189--1232},
  year={2001}
}

@Article{rf,
    title = {Classification and Regression by randomForest},
    author = {Andy Liaw and Matthew Wiener},
    journal = {R News},
    year = {2002},
    volume = {2},
    number = {3},
    pages = {18-22}
  }
  
  @article{mitterboeck2016saline,
  title={Do saline taxa evolve faster? Comparing relative rates of molecular evolution between freshwater and marine eukaryotes},
  author={Mitterboeck, T Fatima and Chen, Alexander Y and Zaheer, Omar A and Ma, Eddie YT and Adamowicz, Sarah J},
  journal={Evolution},
  volume={70},
  number={9},
  pages={1960--1978},
  year={2016}
}



@article{bloom2013freshwater,
  title={Do freshwater fishes diversify faster than marine fishes? A test using state-dependent diversification analyses and molecular phylogenetics of New World silversides (Atherinopsidae)},
  author={Bloom, Devin D and Weir, Jason T and Piller, Kyle R and Lovejoy, Nathan R},
  journal={Evolution},
  volume={67},
  number={7},
  pages={2040--2057},
  year={2013},
  publisher={Blackwell Publishing Inc Malden, USA}
}

@article{davis2017widespread,
  title={Widespread ecomorphological convergence in multiple fish families spanning the marine--freshwater interface},
  author={Davis, Aaron M and Betancur-R, Ricardo},
  journal={Proceedings of the Royal Society B: Biological Sciences},
  volume={284},
  number={1854},
  pages={20170565},
  year={2017}
}

@article{bollback2006simmap,
  title={SIMMAP: stochastic character mapping of discrete traits on phylogenies},
  author={Bollback, Jonathan P},
  journal={BMC bioinformatics},
  volume={7},
  number={1},
  pages={1--7},
  year={2006}
}

@article{lee1999causes,
  title={Causes and consequences of recent freshwater invasions by saltwater animals},
  author={Lee, Carol Eunmi and Bell, Michael A},
  journal={Trends in Ecology \& Evolution},
  volume={14},
  number={7},
  pages={284--288},
  year={1999}
}


@article{de2022patterns,
  title={Patterns of phenotypic evolution associated with marine/freshwater transitions in fishes},
  author={de Brito, Victor and Betancur-R, Ricardo and Burns, Michael D and Buser, Thaddaeus J and Conway, Kevin W and Fontenelle, Jo{\~a}o Pedro and Kolmann, Matthew A and McCraney, W Tyler and Thacker, Christine E and Bloom, Devin D},
  journal={Integrative and Comparative Biology},
  volume={62},
  number={2},
  pages={406--423},
  year={2022}
}

@article{rabosky2020speciation,
  title={Speciation rate and the diversity of fishes in freshwaters and the oceans},
  author={Rabosky, Daniel L},
  journal={Journal of Biogeography},
  volume={47},
  number={6},
  pages={1207--1217},
  year={2020}
}

@article{corush2019evolutionary,
  title={Evolutionary patterns of diadromy in fishes: more than a transitional state between marine and freshwater},
  author={Corush, Joel B},
  journal={BMC Evolutionary Biology},
  volume={19},
  pages={1--13},
  year={2019}
}

@article{potter2015ways,
  title={The ways in which fish use estuaries: a refinement and expansion of the guild approach},
  author={Potter, Ian C and Tweedley, James R and Elliott, Michael and Whitfield, Alan K},
  journal={Fish and Fisheries},
  volume={16},
  number={2},
  pages={230--239},
  year={2015}
}

@article{mcdowall1997evolution,
  title={The evolution of diadromy in fishes (revisited) and its place in phylogenetic analysis},
  author={McDowall, Robert M},
  journal={Reviews in Fish Biology and Fisheries},
  volume={7},
  pages={443--462},
  year={1997},
  publisher={Springer}
}

@inproceedings{dodson2009contrasting,
  title={Contrasting evolutionary pathways of anadromy in euteleostean fishes},
  author={Dodson, Julian J and Laroche, J and Lecomte, F},
  booktitle={American Fisheries Society Symposium},
  volume={69},
  pages={63--77},
  year={2009}
}

@inproceedings{gross1987evolution,
  title={Evolution of diadromy in fishes},
  author={Gross, Mart R},
  booktitle={Am. Fish. Soc. Symp.},
  volume={1},
  pages={14--25},
  year={1987}
}

@article{fitzjohn2012diversitree,
  title={Diversitree: comparative phylogenetic analyses of diversification in R},
  author={FitzJohn, Richard G},
  journal={Methods in Ecology and Evolution},
  volume={3},
  number={6},
  pages={1084--1092},
  year={2012}
}

@article{bloom2012molecular,
  title={Molecular phylogenetics reveals a pattern of biome conservatism in New World anchovies (family Engraulidae)},
  author={Bloom, Devin D and Lovejoy, NR22300535},
  journal={Journal of Evolutionary Biology},
  volume={25},
  number={4},
  pages={701--715},
  year={2012}
}

@article{betancur2010molecular,
  title={Molecular phylogenetics supports multiple evolutionary transitions from marine to freshwater habitats in ariid catfishes},
  author={Betancur-R, R},
  journal={Molecular Phylogenetics and Evolution},
  volume={55},
  number={1},
  pages={249--258},
  year={2010}
}

@article{betancur2012apparent,
  title={Apparent signal of competition limiting diversification after ecological transitions from marine to freshwater habitats},
  author={Betancur-R, Ricardo and Ort{\'\i}, Guillermo and Stein, Ariel M and Marceniuk, Alexandre P and Alexander Pyron, R},
  journal={Ecology Letters},
  volume={15},
  number={8},
  pages={822--830},
  year={2012}
}

@article{feutry2013evolution,
  title={Evolution of diadromy in fish: insights from a tropical genus (Kuhlia species)},
  author={Feutry, Pierre and Castelin, Magalie and Ovenden, Jennifer R and Dettai, Agnes and Robinet, Tony and Cruaud, Corinne and Keith, Philippe},
  journal={The American Naturalist},
  volume={181},
  number={1},
  pages={52--63},
  year={2013}
}

@article{albert2020diversification,
  title={Diversification of Neotropical freshwater fishes},
  author={Albert, James S and Tagliacollo, Victor A and Dagosta, Fernando},
  journal={Annual Review of Ecology, Evolution, and Systematics},
  volume={51},
  pages={27--53},
  year={2020}
}


@article{fukami2007immigration,
  title={Immigration history controls diversification in experimental adaptive radiation},
  author={Fukami, Tadashi and Beaumont, Hubertus JE and Zhang, Xue-Xian and Rainey, Paul B},
  journal={Nature},
  volume={446},
  number={7134},
  pages={436--439},
  year={2007}
}

@article{meyer2007effects,
  title={The effects of competition and predation on diversification in a model adaptive radiation},
  author={Meyer, Justin R and Kassen, Rees},
  journal={Nature},
  volume={446},
  number={7134},
  pages={432--435},
  year={2007}
}

@article{brockhurst2007niche,
  title={Niche occupation limits adaptive radiation in experimental microcosms},
  author={Brockhurst, Michael A and Colegrave, Nick and Hodgson, David J and Buckling, Angus},
  journal={PLoS One},
  volume={2},
  number={2},
  pages={e193},
  year={2007}
}

@article{bell1994introduction,
  title={Introduction to the evolutionary biology of the threespine stickleback},
  author={Bell, Michael A and Foster, Susan A},
  journal={The evolutionary biology of the threespine stickleback},
  pages={1--27},
  year={1994}
}

@article{fischer1984fao,
  title={FAO species identification sheets for fishery purposes},
  author={Fischer, W},
  journal={Western Indian Ocean (Fishing Area 51)},
  pages={I--IV},
  year={1984},
  publisher={FAO}
}

@article{mcdowall2001diadromy,
  title={Diadromy, diversity and divergence: implications for speciation processes in fishes},
  author={McDowall, Robert M},
  journal={Fish and Fisheries},
  volume={2},
  number={3},
  pages={278--285},
  year={2001}
}

@article{wiens2005niche,
  title={Niche conservatism: integrating evolution, ecology, and conservation biology},
  author={Wiens, John J and Graham, Catherine H},
  journal={Annu. Rev. Ecol. Evol. Syst.},
  volume={36},
  pages={519--539},
  year={2005}
}

@article{mcdowall1993recent,
  title={A recent marine ancestry for diadromous fishes? Sometimes yes, but mostly no!},
  author={McDowall, Robert M},
  journal={Environmental Biology of Fishes},
  volume={37},
  pages={329--335},
  year={1993}
}

@book{evans2008,
  title={Osmotic and ionic regulation in fishes},
  booktitle={Osmotic and Ionic Regulation: Cells and Animals},
  editor= {D. H. Evans}, 
  author={Evans, David H and Claiborne, James B},
  journal={Osmotic and ionic regulation: cells and animals},
  pages={295--366},
  year={2008},
  publisher={Taylor and Francis}
}

@article{mccormick2001endocrine,
  title={Endocrine control of osmoregulation in teleost fish},
  author={McCormick, Stephen D},
  journal={American zoologist},
  volume={41},
  number={4},
  pages={781--794},
  year={2001}
}

@inproceedings{mccormick1987preparatory,
  title={Preparatory physiological adaptations for marine life of salmonids: osmoregulation, growth, and metabolism},
  author={McCormick, Stephen D and Saunders, Richard L},
  booktitle={Am. Fish. Soc. Symp},
  volume={1},
  number={21},
  pages={1--229},
  year={1987}
}

@article{davis2012marine,
  title={Marine--freshwater transitions are associated with the evolution of dietary diversification in terapontid grunters (Teleostei: Terapontidae)},
  author={Davis, Aaron M and Unmack, Peter J and Pusey, BJ and Johnson, JB and Pearson, Richard G},
  journal={Journal of Evolutionary Biology},
  volume={25},
  number={6},
  pages={1163--1179},
  year={2012},
  publisher={Wiley Online Library}
}

@article{santini2013habitat,
  title={Do habitat shifts drive diversification in teleost fishes? An example from the pufferfishes (Tetraodontidae)},
  author={Santini, Francesco and Nguyen, Mai TT and Sorenson, Laurie and Waltzek, Thomas B and Lynch Alfaro, JW and Eastman, Jon M and Alfaro, Michael E},
  journal={Journal of Evolutionary Biology},
  volume={26},
  number={5},
  pages={1003--1018},
  year={2013}
}

@article{yoder2010ecological,
  title={Ecological opportunity and the origin of adaptive radiations},
  author={Yoder, JB and Clancey, E and Des Roches, S and Eastman, JM and Gentry, L and Godsoe, W and Hagey, TJ and Jochimsen, D and Oswald, BP and Robertson, JBAJ and others},
  journal={Journal of evolutionary biology},
  volume={23},
  number={8},
  pages={1581--1596},
  year={2010}
}

@article{stroud2016ecological,
  title={Ecological opportunity and adaptive radiation},
  author={Stroud, James T and Losos, Jonathan B},
  journal={Annual Review of Ecology, Evolution, and Systematics},
  volume={47},
  pages={507--532},
  year={2016}
}

@book{simpson1984tempo,
  title={Tempo and mode in evolution},
  author={Simpson, George Gaylord},
  year={1984},
  publisher={Columbia University Press}
}

@book{simpson1953major,
  title={The major features of evolution},
  author={Simpson, George Gaylord},
  year={1953},
  publisher={Columbia University Press}
}

@article{palumbi1994genetic,
  title={Genetic divergence, reproductive isolation, and marine speciation},
  author={Palumbi, Stephen R},
  journal={Annual review of Ecology and Systematics},
  volume={25},
  number={1},
  pages={547--572},
  year={1994}
}

@book{albert2011historical,
  title={Historical biogeography of Neotropical freshwater fishes},
  author={Albert, James S and Reis, Roberto},
  year={2011},
  publisher={Univ of California Press}
}

@article{seehausen2014speciation,
  title={Speciation in freshwater fishes},
  author={Seehausen, Ole and Wagner, Catherine E},
  journal={Annual review of ecology, evolution, and systematics},
  volume={45},
  pages={621--651},
  year={2014}
}

@article{bierne2003habitat,
  title={Habitat preference and the marine-speciation paradox},
  author={Bierne, Nicolas and Bonhomme, Fran{\c{c}}ois and David, Patrice},
  journal={Proceedings of the Royal Society of London. Series B: Biological Sciences},
  volume={270},
  number={1522},
  pages={1399--1406},
  year={2003}
}

@article{bilton2002dispersal,
  title={Dispersal, genetic differentiation and speciation in estuarine organisms},
  author={Bilton, DT and Paula, J and Bishop, JDD},
  journal={Estuarine, Coastal and Shelf Science},
  volume={55},
  number={6},
  pages={937--952},
  year={2002}
}

@article{shen2011plio,
  title={Plio-Pleistocene sea level and temperature fluctuations in the northwestern Pacific promoted speciation in the globally-distributed flathead mullet Mugil cephalus},
  author={Shen, Kang-Ning and Jamandre, Brian Wade and Hsu, Chih-Chieh and Tzeng, Wann-Nian and Durand, Jean-Dominique},
  journal={BMC Evolutionary Biology},
  volume={11},
  number={1},
  pages={1--17},
  year={2011}
}

@article{marko2010expansion,
  title={The ‘Expansion--Contraction model' of Pleistocene biogeography: rocky shores suffer a sea change?},
  author={Marko, Peter B and Hoffman, Jessica M and Emme, Sandra A and McGovern, Tamara M and Keever, Carson C and Nicole Cox, L},
  journal={Molecular Ecology},
  volume={19},
  number={1},
  pages={146--169},
  year={2010}
}

@article{wilson2006genetic,
  title={Genetic signature of recent glaciation on populations of a near-shore marine fish species (Syngnathus leptorhynchus)},
  author={Wilson, AB},
  journal={Molecular Ecology},
  volume={15},
  number={7},
  pages={1857--1871},
  year={2006}
}