@article{garcia2013world,
  title={World ocean atlas 2013. Volume 4, Dissolved inorganic nutrients (phosphate, nitrate, silicate)},
  author={Garcia, Hernan E and Locarnini, Ricardo A and Boyer, Timothy P and Antonov, John I and Baranova, Olga K and Zweng, Melissa M and Reagan, James R and Johnson, Daphne R and Mishonov, Alexey V and Levitus, Sydney},
  year={2013}
}

@article{breiman2001random,
  title={Random forests},
  author={Breiman, Leo},
  journal={Machine learning},
  volume={45},
  pages={5--32},
  year={2001}
}

inproceedings{ledell2020h2o,
  title={H2o automl: Scalable automatic machine learning},
  author={LeDell, Erin and Poirier, Sebastien},
  booktitle={Proceedings of the AutoML Workshop at ICML},
  volume={2020},
  year={2020}
}

@article{costello2013global,
  title={Global coordination and standardisation in marine biodiversity through the World Register of Marine Species (WoRMS) and related databases},
  author={Costello, Mark J and Bouchet, Philippe and Boxshall, Geoff and Fauchald, Kristian and Gordon, Dennis and Hoeksema, Bert W and Poore, Gary CB and van Soest, Rob WM and St{\"o}hr, Sabine and Walter, T Chad and others},
  journal={PloS one},
  volume={8},
  number={1},
  pages={e51629},
  year={2013},
  publisher={Public Library of Science San Francisco, USA}
}

@article{schmidt2019freshwater,
  title={The Freshwater Information Platform: a global online network providing data, tools and resources for science and policy support},
  author={Schmidt-Kloiber, Astrid and Bremerich, Vanessa and De Wever, Aaike and J{\"a}hnig, Sonja C and Martens, Koen and Strackbein, J{\"o}rg and Tockner, Klement and Hering, Daniel},
  journal={Hydrobiologia},
  volume={838},
  pages={1--11},
  year={2019},
}

@article{plaut2001critical,
  title={Critical swimming speed: its ecological relevance},
  author={Plaut, Itai},
  journal={Comparative Biochemistry and Physiology Part A: Molecular \& Integrative Physiology},
  volume={131},
  number={1},
  pages={41--50},
  year={2001}
}

@article{corthals2005application,
  title={An application of tissue and DNA banking for genomics and conservation: the Ambrose Monell Cryo-Collection (AMCC)},
  author={Corthals, Angelique and Desalle, Rob},
  journal={Systematic Biology},
  volume={54},
  number={5},
  pages={819--823},
  year={2005},
  publisher={Taylor \& Francis}
}

@article{clarke2009frozen,
  title={The Frozen Ark Project: the role of zoos and aquariums in preserving the genetic material of threatened animals},
  author={Clarke, AG},
  journal={International zoo yearbook},
  volume={43},
  number={1},
  pages={222--230},
  year={2009},
  publisher={Blackwell Publishing Ltd Oxford, UK}
}

@article{wong2012tissue,
  title={Tissue sampling methods and standards for vertebrate genomics},
  author={Wong, Pamela BY and Wiley, Edward O and Johnson, Warren E and Ryder, Oliver A and O’Brien, Stephen J and Haussler, David and Koepfli, Klaus-Peter and Houck, Marlys L and Perelman, Polina and Mastromonaco, Gabriela and others},
  journal={GigaScience},
  volume={1},
  number={1},
  pages={2047--217X},
  year={2012},
  publisher={Oxford University Press}
}

@article{brett1973metabolic,
  title={Metabolic rates and critical swimming speeds of sockeye salmon (Oncorhynchus nerka) in relation to size and temperature},
  author={Brett, JR and Glass, NR},
  journal={Journal of the Fisheries Board of Canada},
  volume={30},
  number={3},
  pages={379--387},
  year={1973},
  publisher={NRC Research Press}
}

@article{brett1964respiratory,
  title={The respiratory metabolism and swimming performance of young sockeye salmon},
  author={Brett, J Roland},
  journal={Journal of the Fisheries Board of Canada},
  volume={21},
  number={5},
  pages={1183--1226},
  year={1964},
  publisher={NRC Research Press Ottawa, Canada}
}

@incollection{gartner19974,
  title={4 Feeding At Depth},
  author={Gartner Jr, John V and Crabtree, Roy E and Sulak, Kenneth J},
  booktitle={Fish physiology},
  volume={16},
  pages={115--193},
  year={1997},
  publisher={Academic Press}
}

@article{baldwin1996interrelationships,
  title={Interrelationships of aulopiformes},
  author={Baldwin, Carole C and Johnson, G David},
  journal={Interrelationships of fishes},
  year={1996},
  publisher={Academic Press}
}

@article{naresh1997mechanical,
  title={Mechanical behaviour of shark skin},
  author={Naresh, MD and Arumugam, V and Sanjeevi, R},
  journal={Journal of biosciences},
  volume={22},
  number={4},
  pages={431},
  year={1997},
  publisher={Springer Nature BV}
}

@article{hebrank1980mechanical,
  title={Mechanical properties and locomotor functions of eel skin},
  author={Hebrank, Mary Reidy},
  journal={The Biological Bulletin},
  volume={158},
  number={1},
  pages={58--68},
  year={1980},
  publisher={Marine Biological Laboratory}
}

@article{long1996functions,
  title={Functions of fish skin: flexural stiffness and steady swimming of longnose gar Lepisosteus osseus},
  author={Long JR, John H and Hale, Melina E and Mchenry, Matt J and Westneat, Mark W},
  journal={Journal of Experimental Biology},
  volume={199},
  number={10},
  pages={2139--2151},
  year={1996},
  publisher={The Company of Biologists Ltd}
}

@article{greven1995mechanical,
  title={Mechanical properties of the skin of Xenopus laevis (Anura, Amphibia)},
  author={Greven, Hartmut and Zanger, Klaus and Schwinger, Gerhard},
  journal={Journal of Morphology},
  volume={224},
  number={1},
  pages={15--22},
  year={1995},
  publisher={Wiley Subscription Services, Inc., A Wiley Company Hoboken}
}

@article{cavallaro2015morphology,
  title={The morphology of photophores in the garrick, Cyclothone braueri (Family: G onostomatidae): an ultrastructure study},
  author={Cavallaro, Mauro and Battaglia, Pietro and Laur{\`a}, Rosaria and Guerrera, Maria Cristina and Abbate, Francesco and German{\`a}, Antonino},
  journal={Acta Zoologica},
  volume={96},
  number={3},
  pages={296--300},
  year={2015}
}

@article{meijide2000embryonic,
  title={Embryonic and larval development of a substrate-brooding cichlid Cichlasoma dimerus (Heckel, 1840) under laboratory conditions},
  author={Meijide, FJ and Guerrero, GA},
  journal={Journal of Zoology},
  volume={252},
  number={4},
  pages={481--493},
  year={2000},
  publisher={Cambridge University Press}
}

@article{pekkan2016characterization,
  title={Characterization of zebrafish larvae suction feeding flow using $\mu$PIV and optical coherence tomography},
  author={Pekkan, Kerem and Chang, Brian and Uslu, Fazil and Mani, Karthick and Chen, Chia-Yuan and Holzman, Roi},
  journal={Experiments in Fluids},
  volume={57},
  pages={1--7},
  year={2016},
  publisher={Springer Berlin Heidelberg}
}

@article{vernerey2014skin,
  title={Skin and scales of teleost fish: Simple structure but high performance and multiple functions},
  author={Vernerey, Franck J and Barthelat, Francois},
  journal={Journal of the Mechanics and Physics of Solids},
  volume={68},
  pages={66--76},
  year={2014}
}

@article{vernerey2014mechanics,
  title={Mechanics of fish skin: A computational approach for bio-inspired flexible composites},
  author={Vernerey, Franck J and Musiket, Kamtornkiat and Barthelat, Francois},
  journal={International Journal of Solids and Structures},
  volume={51},
  number={1},
  pages={274--283},
  year={2014}
}

@article{agache1980mechanical,
  title={Mechanical properties and Young's modulus of human skin in vivo},
  author={Agache, Pierre G and Monneur, C and Leveque, Jean Luc and De Rigal, Jean},
  journal={Archives of dermatological research},
  volume={269},
  pages={221--232},
  year={1980},
  publisher={Springer-Verlag}
}

@article{yannas1980design,
  title={Design of an artificial skin. I. Basic design principles},
  author={Yannas, IV and Burke, John F},
  journal={Journal of biomedical materials research},
  volume={14},
  number={1},
  pages={65--81},
  year={1980},
  publisher={John Wiley \& Sons, Inc. New York}
}

@article{eastwood1998effect,
  title={Effect of precise mechanical loading on fibroblast populated collagen lattices: morphological changes},
  author={Eastwood, M and Mudera, VC and McGrouther, DA and Brown, RA},
  journal={Cell motility and the cytoskeleton},
  volume={40},
  number={1},
  pages={13--21},
  year={1998},
  publisher={Wiley Subscription Services, Inc., A Wiley Company Hoboken}
}

@article{chapuis1992new,
  title={A new technique to study the mechanical properties of collagen lattices},
  author={Chapuis, JF and Agache, P},
  journal={Journal of biomechanics},
  volume={25},
  number={1},
  pages={115--120},
  year={1992}
}

@article{comninou1976dependence,
  title={Dependence of stress-strain nonlinearity of connective tissues on the geometry of collagen fibres},
  author={Comninou, Maria and Yannas, Ioannis Vassiliou},
  journal={Journal of Biomechanics},
  volume={9},
  number={7},
  pages={427--433},
  year={1976}
}

@article{lanir1979structural,
  title={A structural theory for the homogeneous biaxial stress-strain relationships in flat collagenous tissues},
  author={Lanir, Y},
  journal={Journal of biomechanics},
  volume={12},
  number={6},
  pages={423--436},
  year={1979}
}

@article{billiar1997method,
  title={A method to quantify the fiber kinematics of planar tissues under biaxial stretch},
  author={Billiar, KL and Sacks, MS},
  journal={Journal of biomechanics},
  volume={30},
  number={7},
  pages={753--756},
  year={1997}
}

@article{zhu2013puncture,
  title={Puncture resistance of the scaled skin from striped bass: collective mechanisms and inspiration for new flexible armor designs},
  author={Zhu, Deju and Szewciw, Lawrence and Vernerey, Franck and Barthelat, Francois},
  journal={Journal of the mechanical behavior of biomedical materials},
  volume={24},
  pages={30--40},
  year={2013}
}

@article{meyer2012basics,
  title={Basics of skin structure and function in elasmobranchs: a review},
  author={Meyer, W and Seegers, U},
  journal={Journal of Fish Biology},
  volume={80},
  number={5},
  pages={1940--1967},
  year={2012},
  publisher={Blackwell Publishing Ltd Oxford, UK}
}

@article{clark2016material,
  title={Material properties of hagfish skin, with insights into knotting behaviors},
  author={Clark, Andrew J and Crawford, Callie H and King, Brooke D and Demas, Andrew M and Uyeno, Theodore A},
  journal={The Biological Bulletin},
  volume={230},
  number={3},
  pages={243--256},
  year={2016},
  publisher={Marine Biological Laboratory Woods Hole, Massachusetts}
}

@article{gentleman2003mechanical,
  title={Mechanical characterization of collagen fibers and scaffolds for tissue engineering},
  author={Gentleman, Eileen and Lay, Andrea N and Dickerson, Darryl A and Nauman, Eric A and Livesay, Glen A and Dee, Kay C},
  journal={Biomaterials},
  volume={24},
  number={21},
  pages={3805--3813},
  year={2003}
}

@article{heidenfelder2006mechanical,
  title={Mechanical properties of different midsole materials in running shoes},
  author={Heidenfelder, J and Odenwald, S and Milani, T},
  journal={Journal of Biomechanics},
  number={39},
  pages={S550},
  year={2006}
}

@article{mchenry1995mechanical,
  title={Mechanical control of swimming speed: stiffness and axial wave form in undulating fish models},
  author={McHenry, Matthew J and Pell, Charles A and Long Jr, JOHN H},
  journal={The Journal of experimental biology},
  volume={198},
  number={11},
  pages={2293--2305},
  year={1995}
}

@inproceedings{jaziri2020effect,
  title={Effect of phosphoric acid concentration on physicochemical properties of Abalistes stellaris skin gelatin},
  author={Jaziri, AA and Muyasyaroh, H and Firdaus, M},
  booktitle={IOP Conference Series: Earth and Environmental Science},
  volume={493},
  number={1},
  pages={012038},
  year={2020},
  organization={IOP Publishing}
}

@article{bellquist2008fine,
  title={Fine-scale movement patterns, site fidelity, and habitat selection of ocean whitefish (Caulolatilus princeps)},
  author={Bellquist, Lyall F and Lowe, Christopher G and Caselle, Jennifer E},
  journal={Fisheries Research},
  volume={91},
  number={2-3},
  pages={325--335},
  year={1999}
}

@article{tringali1999molecular,
  title={Molecular phylogenetics and ecological diversification of the transisthmian fish genus Centropomus (Perciformes: Centropomidae)},
  author={Tringali, Michael D and Bert, Theresa M and Seyoum, Seifu and Bermingham, Eldredge and Bartolacci, Danielle},
  journal={Molecular phylogenetics and evolution},
  volume={13},
  number={1},
  pages={193--207},
  year={1999}
}

@article{able1997movements,
  title={Movements of juvenile black sea bass Centropristis striata (Linnaeus) in a southern New Jersey estuary},
  author={Able, Kenneth W and Hales Jr, L Stanton},
  journal={Journal of Experimental Marine Biology and Ecology},
  volume={213},
  number={2},
  pages={153--167},
  year={1997}
}

@article{betancur2010molecular,
  title={Molecular phylogenetics supports multiple evolutionary transitions from marine to freshwater habitats in ariid catfishes},
  author={Betancur-R, R},
  journal={Molecular Phylogenetics and Evolution},
  volume={55},
  number={1},
  pages={249--258},
  year={2010}
}

@article{harrison1999mugiliformes,
  title={Mugiliformes: Mugilidae Order MUGILIFORMES},
  author={Harrison, IJ and Senou, H},
  journal={FAO species identification guide for fishery purposes. The living marine resources of the Western Central Pacific},
  volume={4},
  year={1999}
}

@article{grant2010biogeographical,
  title={Biogeographical contingency and the evolution of tropical anchovies (genus Cetengraulis) from temperate anchovies (genus Engraulis)},
  author={Grant, WS and Lecomte, Fr{\'e}d{\'e}ric and Bowen, Brian W},
  journal={Journal of Biogeography},
  volume={37},
  number={7},
  pages={1352--1362},
  year={2010},
  publisher={Wiley Online Library}
}

@article{tomiyama1999larval,
  title={Larval drift patterns of diadromous gobioids in the lower course of the Natori River, northern Japan},
  author={Tomiyama, T and Honda, H and Okata, A and Omori, M},
  journal={Tohoku Journal of Agricultural Research (Japan)},
  year={1999}
}

@article{sawara2005feeding,
  title={Feeding activity rhythms of juvenile gobiid fish, Chaenogobius gulosus, at tidally different localities},
  author={Sawara, Y and Sato, K},
  journal={Bulletin of the Faculty of Agricultural and Life Science-Hirosaki University (Japan)},
  year={2005}
}

@article{barros2013trophic,
  title={Trophic adaptability of late juvenile Atlantic spadefish Chaetodipterus faber (Teleostei: Ephippidae) related to habitat preferences in an estuary in northeastern Brazil},
  author={Barros, Breno and Sakai, Yoichi and Abrunhosa, Fernando Ara{\'u}jo and Vallinoto, Marcelo},
  journal={Hydrobiologia},
  volume={717},
  pages={161--167},
  year={2013}
}

@article{zhang2016autumn,
  title={Autumn ichthyoplankton assemblage in the Yangtze Estuary shaped by environmental factors},
  author={Zhang, Hui and Xian, Weiwei and Liu, Shude},
  journal={PeerJ},
  volume={4},
  pages={e1922},
  year={2016},
  publisher={PeerJ Inc.}
}

@article{tongnunui2009habitat,
  title={Habitat and relative abundance of fishes in small rivers in eastern Thailand},
  author={Tongnunui, Sampan and Beamish, F William H},
  journal={Environmental Biology of Fishes},
  volume={85},
  pages={209--220},
  year={2009}
}

@article{kannappan2013diversity,
  title={Diversity of fishes in relation to physcio-chemical properties of Manakudy estuary, Southwest coast of India},
  author={Kannappan, T and Karthikeyan, MM},
  journal={International Journal of Biodiversity and Conservation},
  volume={5},
  number={7},
  pages={396--407},
  year={2013}
}

@article{dubey2016effect,
  title={The effect of salinity on survival and growth of the freshwater stenohaline fish spotted snakehead Channa punctata (Bloch, 1793)},
  author={Dubey, Sourabh Kumar and Trivedi, Raman Kumar and Chand, Bimal Kinkar and Mandal, Basudev and Rout, Sangram Keshari},
  journal={Zoology and Ecology},
  volume={26},
  number={4},
  pages={282--291},
  year={2016},
  publisher={Taylor \& Francis}
}

@article{saksena1972dissolved,
  title={Dissolved oxygen requirements of newly-hatched larvae of the striped blenny (Chasmodes bosquianus), the naked goby (Gobiosoma bosci), and the skilletfish (Gobiesox strumosus)},
  author={Saksena, Vishnu P and Joseph, Edwin B},
  journal={Chesapeake Science},
  volume={13},
  number={1},
  pages={23--28},
  year={1972}
}

@article{carr1973food,
  title={Food habits of juvenile marine fishes occupying seagrass beds in the estuarine zone near Crystal River, Florida},
  author={Carr, William ES and Adams, Clayton A},
  journal={Transactions of the American Fisheries Society},
  volume={102},
  number={3},
  pages={511--540},
  year={1973},
  publisher={Wiley Online Library}
}

@article{chubb1979annotated,
  title={An annotated checklist of the fishes of the Swan-Avon river system, Western Australia},
  author={Chubb, CF and Hutchins, JB and Lenanton, RCJ and Potter, IC},
  journal={Records of the Western Australian Museum},
  volume={8},
  number={1},
  pages={1--55},
  year={1979},
  publisher={Western Australian Museum}
}

@article{blaber1989species,
  title={Species composition and biomasses of fishes in different habitats of a tropical northern Australian estuary: their occurrence in the adjoining sea and estuarine dependence},
  author={Blaber, SJM and Brewer, DT and Salini, JP},
  journal={Estuarine, Coastal and Shelf Science},
  volume={29},
  number={6},
  pages={509--531},
  year={1989}
}

@article{balakrishnan2015seasonal,
  title={Seasonal abundance and distribution of ichthyoplankton diversity in the Coleroon estuarine complex, Southeast coast of India},
  author={Balakrishnan, T and Sundaramanickam, A and Shekhar, Sudhanshu and Muthukumaravel, K and Balasubramanian, T},
  journal={Biocatalysis and Agricultural Biotechnology},
  volume={4},
  number={4},
  pages={784--794},
  year={2015}
}

@article{velasco2022feeding,
  title={Feeding and Diet Overlap of Six Estuarine Fishes (Family Carangidae) from the Mexican Pacific Region},
  author={Velasco-Reyes, Luisa Elena and Aguilar-Betancourt, Consuelo Mar{\'\i}a and Gonz{\'a}lez-Sans{\'o}n, Gaspar and Flores-Ortega, Juan Ram{\'o}n and Ambriz-Casillas, Mar{\'\i}a Fernanda},
  journal={Estuaries and Coasts},
  volume={45},
  number={1},
  pages={302--313},
  year={2022}
}

@article{adekoya2019seasonal,
  title={Seasonal Variation in The Biology of Chrysichthys Auratus (Geoffroy Saint-Hillaire, 1809) in Ogun State Estuary, Nigeria},
  author={Adekoya, EO and Abdul, WO and Abdulraheem, I and Bashir, AO and Folarin, OD},
  journal={West African Journal of Applied Ecology},
  volume={27},
  number={1},
  pages={95--107},
  year={2019}
}

@article{jalal2012diversity,
  title={Diversity and community composition of fishes in tropical estuary Pahang Malaysia},
  author={Jalal, KCA and Azfar, M Ahmad and John, B Akbar and Kamaruzzaman, YB and Shahbudin, S},
  journal={Pakistan Journal of Zoology},
  volume={44},
  number={1},
  year={2012},
  publisher={AsiaNet Pakistan (Pvt) Ltd.}
}

@article{costa1989structure,
  title={The structure of fish communities in the Tagus estuary, Portugal, and its role as a nursery for commercial fish species},
  author={Costa, Mar{\'\i}a Jos{\'e} and Bruxelas, Antonio},
  journal={Scientia Marina (Barcelona)},
  number={2-3},
  year={1989}
}

@article{claridge1977biology,
  title={The biology of the northern rockling, Ciliata septentrionalis, in the Severn Estuary and Bristol Channel},
  author={Claridge, PN and Gardner, DC},
  journal={Journal of the Marine Biological Association of the United Kingdom},
  volume={57},
  number={3},
  pages={839--848},
  year={1977},
  publisher={Cambridge University Press}
}

@article{haris2008fishes,
  title={Fishes of the estuaries of Mimika District, Papua Province},
  author={Haris, Abdul and Lala, Deky and Setyadi, Gesang},
  journal={Marine Research in Indonesia},
  volume={33},
  number={2},
  pages={155--166},
  year={2008}
}

@article{neves2013fish,
  title={Fish composition and assemblage structure in the estuarine mixing zone of a tropical estuary: comparisons between the main channel and an adjacent lagoon},
  author={Neves, Leonardo Mitrano and Teixeira, Tatiana Pires and Franco, Taynara Pontes and Pereira, Hamilton Hissa and Ara{\'u}jo, Francisco Gerson},
  journal={Marine Biology Research},
  volume={9},
  number={7},
  pages={661--675},
  year={2013},
  publisher={Taylor \& Francis}
}

@article{walsh1999habitat,
  title={Habitat utilization by small flatfishes in a North Carolina estuary},
  author={Walsh, Harvey J and Peters, David S and Cyrus, Digby P},
  journal={Estuaries},
  volume={22},
  pages={803--813},
  year={1999}
}

@article{mendoza2009seasonal,
  title={Seasonal variations in the diversity, abundance, and composition of species in an estuarine fish community in the Tropical Eastern Pacific, Mexico},
  author={Mendoza, Ernesto and Castillo-Rivera, Manuel and Z{\'a}rate-Hern{\'a}ndez, Roc{\'\i}o and Ortiz-Burgos, Selene},
  journal={Ichthyological research},
  volume={56},
  pages={330--339},
  year={2009}
}

@article{idelberger2011distribution,
  title={Distribution and abundance of introduced fishes in Florida's Charlotte Harbor estuary},
  author={Idelberger, Charles F and Stafford, Christopher J and Erickson, Sarah E},
  journal={Gulf and Caribbean Research},
  volume={23},
  number={1},
  pages={13--22},
  year={2011}
}

@article{desmond2000fish,
  title={Fish use of tidal creek habitats in two southern California salt marshes},
  author={Desmond, JS and Zedler, JB and Williams, GD},
  journal={Ecological Engineering},
  volume={14},
  number={3},
  pages={233--252},
  year={2000}
}

@article{reid1999essential,
  title={Essential fish habitat source document. Atlantic herring, Clupea harengus, life history and habitat characteristics},
  author={Reid, RN},
  year={1999}
}

@article{ahmed2019bioaccumulation,
  title={Bioaccumulation and heavy metal concentration in tissues of some commercial fishes from the Meghna River Estuary in Bangladesh and human health implications},
  author={Ahmed, AS Shafiuddin and Rahman, Moshiur and Sultana, Sharmin and Babu, SM Omar Faruque and Sarker, Md Shafiqul Islam},
  journal={Marine pollution bulletin},
  volume={145},
  pages={436--447},
  year={2019}
}

@inproceedings{bernas2019biodiversity,
  title={Biodiversity of fish resources in Sungsang Estuaries of South Sumatra},
  author={Bernas, SM and Putera, A and Suteja, Y and Agustiani, F and others},
  booktitle={IOP Conference Series: Earth and Environmental Science},
  volume={278},
  number={1},
  pages={012025},
  year={2019},
  organization={IOP Publishing}
}

@article{liu2015estuarine,
  title={Estuarine dependency in Collichthys lucidus of the Yangtze River Estuary as revealed by the environmental signature of otolith strontium and calcium},
  author={Liu, Hongbo and Jiang, Tao and Huang, Honghui and Shen, Xinqiang and Zhu, Jinbo and Yang, Jian},
  journal={Environmental Biology of Fishes},
  volume={98},
  pages={165--172},
  year={2015}
}

@article{morin1981migrations,
  title={The migrations of anadromous cisco (Coregonus artedii) and lake whitefish (C. clupeaformis) in estuaries of eastern James Bay},
  author={Morin, Roderick and Dodson, Julian J and Power, Geoffrey},
  journal={Canadian Journal of Zoology},
  volume={59},
  number={8},
  pages={1600--1607},
  year={1981},
  publisher={NRC Research Press Ottawa, Canada}
}

@article{riviere2005allowable,
  title={Allowable Harm Assessment for Atlantic Whitefish},
  author={Riviere, Petite},
  year={2005}
}

@article{brown2018morphological,
  title={Morphological Variability among Spawning Populations of Bering Cisco Coregonus laurettae},
  author={Brown, Randy J and L{\'o}pez, J Andr{\'e}s},
  journal={Copeia},
  volume={106},
  number={3},
  pages={405--413},
  year={2018},
  publisher={The American Society of Ichthyologists and Herpetologists}
}

@inproceedings{larsson2013characteristics,
  title={Characteristics of anadromous whitefish (Coregonus lavaretus (L.)) rivers in the Gulf of Bothnia},
  author={Larsson, Stefan and Bystr{\"o}m, P{\"a}r and Berglund, Johnny and Carlsson, Ulf and Veneranta, Lari and Larsson, Sylvia H and Hudd, Richard},
  booktitle={11th International Symposium on the Biology and Management of Coregonid Fishes, SEP 26-30, 2011, Mondsee, AUSTRIA},
  pages={189--201},
  year={2013}
}

@article{tyagun2012relief,
  title={Relief structure of scales in Coregonid fishes from Lake Baikal: differences between morpho-ecological groups of omul (Coregonus migratorius Georgy) and Siberian whitefish (Coregonus lavaretus pidschian Gmelin)},
  author={Tyagun, Marina L},
  journal={Advances in Limnology},
  pages={43--53},
  year={2012},
  publisher={Schweizerbart'sche Verlagsbuchhandlung}
}

@article{jensen2018evidence,
  title={Evidence of cormorant-induced mortality, disparate migration strategies and repeatable circadian rhythm in the endangered North Sea houting (Coregonus oxyrinchus): A telemetry study mapping the postspawning migration},
  author={Jensen, Lasse Fast and Rognon, Paul and Aarestrup, Kim and B{\o}ttcher, Jesper W{\o}hlk and Pertoldi, Cino and Thomsen, S{\o}ren N{\o}hr and Hertz, Morten and Winde, Jacob and Svendsen, Jon C},
  journal={Ecology of Freshwater Fish},
  volume={27},
  number={3},
  pages={672--685},
  year={2018},
  publisher={Wiley Online Library}
}

@article{khutornoy2019first,
  title={First record of the Montague's blenny Coryphoblennius galerita (L., 1758)(Actinopterygii: Blenniidae) in the mesohaline waters of the North-Western Black Sea, Ukraine.},
  author={Khutornoy, Sergii and Kvach, Yuriy},
  journal={BioInvasions Record},
  volume={8},
  number={4},
  year={2019}
}

@article{thollot1996list,
  title={A list of fishes inhabiting mangroves from the south-west lagoon of New Caledonia},
  author={Thollot, PIERRE},
  journal={MICRONESICA-AGANA-},
  volume={29},
  pages={1--19},
  year={1996},
  publisher={THE UNIVERSITY OF GUAM PRESS}
}

@article{kontula2001postglacial,
  title={Postglacial colonization of Northern Europe by distinct phylogeographic lineages of the bullhead, Cottus gobio},
  author={Kontula, Tytti and V{\"A}in{\"o}l{\"a}, Risto},
  journal={Molecular Ecology},
  volume={10},
  number={8},
  pages={1983--2002},
  year={2001},
  publisher={Wiley Online Library}
}

@article{unmack2010biogeography,
  title={Biogeography of the genus Craterocephalus (Teleostei: Atherinidae) in Australia},
  author={Unmack, Peter J and Dowling, Thomas E},
  journal={Molecular Phylogenetics and Evolution},
  volume={55},
  number={3},
  pages={968--984},
  year={2010}
}

@article{hannan1998recruitment,
  title={Recruitment of juvenile marine fishes to seagrass habitat in a temperature Australian estuary},
  author={Hannan, JC and Williams, RJ},
  journal={Estuaries},
  volume={21},
  number={1},
  pages={29--51},
  year={1998}
}

@article{rec1988new,
  title={A new species of Australian Craterocephalus (Pisces: Atherinidae) and redescription of four other species},
  author={Rec, West and Aust, Mus},
  journal={Rec, West, Aust, Mus},
  volume={14},
  number={2},
  pages={151--169},
  year={1988}
}

@article{blaber1977feeding,
  title={The feeding ecology of juvenile mullet (Mugilidae) in south-east African estuaries},
  author={Blaber, SJM and Whitfield, AK},
  journal={Biological Journal of the Linnean Society},
  volume={9},
  number={3},
  pages={277--284},
  year={1977},
  publisher={Oxford University Press}
}

@article{hoque2015status,
  title={Status of some fishery resources in a tropical mangrove estuary of Sarawak, Malaysia},
  author={Hoque, Mohammed Muzammel and Mustafa Kamal, Abu Hena and Idris, Mohd Hanafi and Ahmed, Osumanu Haruna and Saifullah, ASM and Billah, Md Masum},
  journal={Marine biology research},
  volume={11},
  number={8},
  pages={834--846},
  year={2015},
  publisher={Taylor \& Francis}
}

@article{angst2022interannual,
  title={Interannual Variation of Ichthyofaunal Utilization of a Man-Made Salt Marsh Creek in Mission Bay, California},
  author={Angst, Maria},
  year={2022}
}

@article{cudmore2004biological,
  title={Biological synopsis of grass carp (Ctenopharyngodon idella)},
  author={Cudmore, BMNE and Mandrak, Nicholas E and others},
  journal={Canadian manuscript report of fisheries and Aquatic Sciences},
  volume={2705},
  number={7},
  pages={1--44},
  year={2004},
  publisher={Great Lakes Laboratory for Fisheries and Aquatic Sciences, Fisheries and~…}
}

@article{dawson1968contributions,
  title={Contributions to the Biology of the Mexican Flounder, Cyclopsetta chittendeni, in the Northern Gulf of Mexico},
  author={Dawson, CE},
  journal={Transactions of the American Fisheries Society},
  volume={97},
  number={4},
  pages={504--507},
  year={1968},
  publisher={Taylor \& Francis}
}

@article{rackovan2017spatial,
  title={Spatial and temporal distribution of juvenile Cyclopterus lumpus (lumpfish) in a New England estuary},
  author={Rackovan, Jenna L and Howell, William H},
  journal={Regional Studies in Marine Science},
  volume={16},
  pages={109--115},
  year={2017}
}

@article{lozano2017diversity,
  title={Diversity and status of Mexican killifishes},
  author={Lozano-Vilano, ML and De La Maza-Benignos, M},
  journal={Journal of Fish Biology},
  volume={90},
  number={1},
  pages={3--38},
  year={2017},
  publisher={Wiley Online Library}
}

@inproceedings{bhakta2019finfish,
  title={Finfish diversity of Narmada estuary in Gujarat of India},
  author={Bhakta, Dibakar and Anand Meetei, W and Vaisakh, G and Kamble, Suhas and Das, Sanjoy K and Das, Basanta K},
  booktitle={Proceedings of the Zoological Society},
  volume={72},
  pages={257--262},
  year={2019},
  organization={Springer}
}

@article{thorrold1998accurate,
  title={Accurate classification of juvenile weakfish Cynoscion regalis to estuarine nursery areas based on chemical signatures in otoliths},
  author={Thorrold, Simon R and Jones, Cynthia M and Swart, Peter K and Targett, Timothy E},
  journal={Marine Ecology Progress Series},
  volume={173},
  pages={253--265},
  year={1998}
}

@article{giarrizzo2006weight,
  title={Weight-length relationships for intertidal fish fauna in a mangrove estuary in Northern Brazil},
  author={Giarrizzo, Tommaso and Silva de Jesus, AJ and Lameira, Eduardo Charly and Ara{\'u}jo de Almeida, JB and Isaac, Victoria and Saint-Paul, Ulrich},
  journal={Journal of Applied Ichthyology},
  volume={22},
  number={4},
  pages={325--327},
  year={2006},
  publisher={Wiley Online Library}
}

@article{barletta2008factors,
  title={Factors affecting seasonal variations in demersal fish assemblages at an ecocline in a tropical--subtropical estuary},
  author={Barletta, M and Amaral, CS and Corr{\^e}a, MFM and Guebert, F and Dantas, DV and Lorenzi, L and Saint-Paul, Ulrich},
  journal={Journal of Fish Biology},
  volume={73},
  number={6},
  pages={1314--1336},
  year={2008},
  publisher={Wiley Online Library}
}

@article{loureiro2016evidence,
  title={Evidence for habitat-driven segregation of an estuarine fish assemblage},
  author={Loureiro, Sarita N and Reis-Filho, JA and Giarrizzo, T},
  journal={Journal of Fish Biology},
  volume={89},
  number={1},
  pages={804--820},
  year={2016},
  publisher={Wiley Online Library}
}

@article{dahlberg1970annual,
  title={Annual cycles of species occurrence, abundance, and diversity in Georgia estuarine fish populations},
  author={Dahlberg, Michael D and Odum, Eugene P},
  journal={American Midland Naturalist},
  pages={382--392},
  year={1970}
}

@article{litvin2014habitat,
  title={Habitat utilization patterns determine the physiological condition of Cynoscion regalis during estuarine residency},
  author={Litvin, Steven Y and Weinstein, Michael P and Guida, Vincent G},
  journal={Marine Ecology Progress Series},
  volume={510},
  pages={87--99},
  year={2014}
}

@article{muro2022assessing,
  title={Assessing the Spatiotemporal Relationship between Coastal Habitats and Fish Assemblages at Two Neotropical Estuaries of the Mexican Pacific},
  author={Muro-Torres, Victor and Amezcua, Felipe and Ram{\'\i}rez-Ortiz, Georgina and Flores-de-Santiago, Francisco and Amezcua-Linares, Felipe and Hern{\'a}ndez, Yareli},
  journal={Diversity},
  volume={14},
  number={8},
  pages={619},
  year={2022}
}

@article{muro2023ontogenetic,
  title={Ontogenetic shifts in feeding habits of orangemouth weakfish (Cynoscion xanthulus): From estuarine benthic feeder to marine nektivore top predator},
  author={Muro-Torres, V{\'\i}ctor M and Amezcua, Felipe and Green, Lucinda and Payan, Jorge and Balart-P{\'a}ez, Eduardo F and Amezcua-Linares, Felipe},
  journal={Marine Ecology},
  pages={e12735},
  year={2023},
  publisher={Wiley Online Library}
}

@article{chung1982salinity,
  title={Salinity Tolerance of Tropical},
  author={Chung, KS},
  journal={Bulletin of the Japanese Society of Scientific Fisheries},
  volume={48},
  number={6},
  pages={873},
  year={1982}
}

@article{echelle2006molecular,
  title={Molecular systematics of Hispaniolan pupfishes (Cyprinodontidae: Cyprinodon): implications for the biogeography of insular Caribbean fishes},
  author={Echelle, Anthony A and Fuselier, Linda and Van Den Bussche, Ronald A and Rodriguez, Carlos ML and Smith, Michael L},
  journal={Molecular Phylogenetics and Evolution},
  volume={39},
  number={3},
  pages={855--864},
  year={2006}
}

@article{rogowski2004direct,
  title={Direct, indirect, and potential effects of salinity on the White Sands pupfish (Cyprinodon tularosa)},
  author={Rogowski, David L},
  year={2004},
  publisher={North Dakota State University}
}

@article{lam1985effects,
  title={Effects of salinity and thyroxine on larval survival, growth and development in the carp, Cyprinus carpio},
  author={Lam, TJ and Sharma, R},
  journal={Aquaculture},
  volume={44},
  number={3},
  pages={201--212},
  year={1985}
}

@article{mihinjavc2015threatened,
  title={Threatened fishes of the world: Delminichthys krbavensis (Zupan{\v{c}}i{\v{c}} \& Bogutskaya, 2002)(Cyprinidae)},
  author={Mihinja{\v{c}}, Tanja and Mar{\v{c}}i{\'c}, Zoran and Buj, Ivana and Zanella, Davor and Mustafi{\'c}, Perica and Mrakov{\v{c}}i{\'c}, Milorad and {\'C}aleta, Marko},
  journal={Croatian Journal of Fisheries: Ribarstvo},
  volume={73},
  number={1},
  pages={33--34},
  year={2015},
  publisher={Agronomski fakultet Zagreb}
}

@article{griffiths2001diel,
  title={Diel variation in the seagrass ichthyofaunas of three intermittently open estuaries in south-eastern Australia: implications for improving fish diversity assessments},
  author={Griffiths, SP},
  journal={Fisheries Management and Ecology},
  volume={8},
  number={2},
  pages={123--140},
  year={2001},
  publisher={Wiley Online Library}
}

@article{flores1990mangrove,
  title={Mangrove ecology, aquatic primary productivity, and fish community dynamics in the Teacap{\'a}n-Agua Brava lagoon-estuarine system (Mexican Pacific)},
  author={Flores-Verdugo, F and Gonz{\'a}lez-Far{\'\i}as, F and Ram{\'\i}rez-Flores, O and Amezcua-Linares, F and Y{\'a}{\~n}ez-Arancibia, A and Alvarez-Rubio, MJWD and Day, JW},
  journal={Estuaries},
  volume={13},
  pages={219--230},
  year={1990}
}

@article{baldoa2002multivariate,
  title={A multivariate approach to the feeding habits of small fishes in the Guadalquivir Estuary},
  author={Baldoa, F and Drake, P},
  journal={Journal of Fish Biology},
  volume={61},
  pages={21--32},
  year={2002},
  publisher={Wiley Online Library}
}

@article{miskiewicz1999development,
  title={Development and ecology of larvae of the monotypic Australian fish family Dinolestidae},
  author={Miskiewicz, Anthony G and Neira, Francisco J and Tait, Sharon E},
  journal={Australian Journal of Zoology},
  volume={47},
  number={1},
  pages={37--45},
  year={1999},
  publisher={CSIRO Publishing}
}

@article{smith2012seagrass,
  title={Seagrass edge effects on fish assemblages in deep and shallow habitats},
  author={Smith, Timothy M and Jenkins, Gregory P and Hutchinson, Neil},
  journal={Estuarine, Coastal and Shelf Science},
  volume={115},
  pages={291--299},
  year={2012}
}

@article{schrandt2018similar,
  title={Similar habitats, different communities: Fish and large invertebrate assemblages in eastern Gulf of Mexico polyhaline seagrasses relate more to estuary morphology than latitude},
  author={Schrandt, MN and Switzer, TS and Stafford, CJ and Flaherty-Walia, KE and Paperno, R and Matheson Jr, RE},
  journal={Estuarine, Coastal and Shelf Science},
  volume={213},
  pages={217--229},
  year={2018}
}

@article{erftemeijer1993fish,
  title={Fish fauna of seagrass beds in south Sulawesi, Indonesia},
  author={Erftemeijer, Paul LA and Allen, Gerald R},
  year={1993},
  publisher={NIOO, CEMO}
}

@article{nakamura2007experimental,
  title={Experimental analysis of recruitment patterns of coral reef fishes in seagrass beds: effects of substrate type, shape, and rigidity},
  author={Nakamura, Yohei and Kawasaki, Hiroyuki and Sano, Mitsuhiko},
  journal={Estuarine, Coastal and Shelf Science},
  volume={71},
  number={3-4},
  pages={559--568},
  year={2007}
}

@article{akin2003seasonal,
  title={Seasonal and spatial variations in fish and macrocrustacean assemblage structure in Mad Island Marsh estuary, Texas},
  author={Akin, S and Winemiller, KO and Gelwick, FP},
  journal={Estuarine, Coastal and Shelf Science},
  volume={57},
  number={1-2},
  pages={269--282},
  year={2003}
}

@article{nordlie1981feeding,
  title={Feeding and reproductive biology of eleotrid fishes in a tropical estuary},
  author={Nordlie, Frank G},
  journal={Journal of Fish Biology},
  volume={18},
  number={1},
  pages={97--110},
  year={1981},
  publisher={Wiley Online Library}
}

@article{maciolek1981consumer,
  title={Consumer trophic relations in a tropical insular estuary},
  author={Maciolek, JA},
  journal={Bulletin of Marine Science},
  volume={31},
  number={3},
  pages={702--711},
  year={1981},
  publisher={University of Miami-Rosenstiel School of Marine, Atmospheric \& Earth Science}
}

@article{ikejima2003juvenile,
  title={Juvenile and small fishes in a mangrove estuary in Trang province, Thailand: seasonal and habitat differences},
  author={Ikejima, K and Tongnunui, P and Medej, T and Taniuchi, T},
  journal={Estuarine, Coastal and Shelf Science},
  volume={56},
  number={3-4},
  pages={447--457},
  year={2003}
}

@article{chicharo2001effects,
  title={Effects of alterations in fresh water supply on the abundance and distribution of Engraulis encrasicolus in the Guadiana estuary and adjacent coastal areas of south Portugal},
  author={Ch{\'\i}charo, Lu{\'\i}s and Chicharo, Alexandra and Esteves, Eduardo and Andrade, Jos{\'e} Pedro and Morais, Pedro},
  journal={International Journal of Ecohydrology \& Hydrobiology},
  volume={1},
  number={3},
  pages={341--346},
  year={2001},
  publisher={European Regional Centre for Ecohydrology of Polish Academy of Sciences}
}

@article{hagan2003seasonal,
  title={Seasonal changes of the pelagic fish assemblage in a temperate estuary},
  author={Hagan, SM and Able, KW},
  journal={Estuarine, Coastal and Shelf Science},
  volume={56},
  number={1},
  pages={15--29},
  year={2003}
}

@article{skelton2019freshwater,
  title={The freshwater fishes of Angola},
  author={Skelton, Paul H},
  journal={Biodiversity of Angola: Science \& Conservation: A Modern Synthesis},
  pages={207--242},
  year={2019},
  publisher={Springer International Publishing}
}

@article{ramos2006environmental,
  title={Environmental forcing and larval fish assemblage dynamics in the Lima River estuary (northwest Portugal)},
  author={Ramos, Sandra and Cowen, Robert K and Paris, Claire and R{\'e}, Pedro and Bordalo, Adriano A},
  journal={Journal of Plankton Research},
  volume={28},
  number={3},
  pages={275--286},
  year={2006},
  publisher={Oxford University Press}
}

@article{pollard2018epinephelus,
  title={Epinephelus aeneus},
  author={Pollard, DA and Francour, P and Fennessy, S},
  journal={The IUCN Red List of Threatened Species},
  volume={2018},
  year={2018}
}

@article{amorim2018epinephelus,
  title={Epinephelus coioides, Orange-spotted Grouper},
  author={Amorim, P and Choat, JH and Fennessy, S and Law, C and Ma, K and Myers, R and Nair, Rekha J and Rhodes, K and Sadovy de Mitcheson, Yvonne J and Samoilys, Melita and others},
  journal={The IUCN Red List of Threatened Species 2018},
  year={2018},
  publisher={International Union for Conservation of Nature and Natural Resources}
}

@article{samoilys2018epinephelus,
  title={Epinephelus malabaricus, Malabar Grouper},
  author={Samoilys, Melita and Amorim, P and Choat, JH and Law, C and Ma, K and Myers, R and Nair, Rekha J and Rhodes, K and Russell, B and Suharti, S and others},
  journal={The IUCN Red List of Threatened Species 2018},
  year={2018},
  publisher={International Union for Conservation of Nature and Natural Resources}
}

@article{rodemann2023residency,
  title={Residency and fine-scale habitat use of juvenile goliath grouper (Epinephelus itajara) in a mangrove nursery},
  author={Rodemann, Jonathan R and James, W Ryan and Rehage, Jennifer S and Baktoft, Henrik and Costa, Sophia V and Ellis, Robert D and Gonzalez, Lizbeth and Santos, Rolando O},
  journal={Bulletin of Marine Science},
  year={2023},
  publisher={University of Miami-Rosenstiel School of Marine, Atmospheric \& Earth Science}
}

@article{sreekanth2020fish,
  title={Fish composition and assemblage structure in tropical monsoonal estuaries: Estuarine use and feeding guild approach},
  author={Sreekanth, GB and Jaiswar, AK and Shivkumar, HB and Manikandan, B and Chakurkar, EB},
  journal={Estuarine, Coastal and Shelf Science},
  volume={244},
  pages={106911},
  year={2020}
}

@article{burgos2007life,
  title={Life history of red grouper (Epinephelus morio) off the coasts of North Carolina and South Carolina},
  author={Burgos, Julian M and Sedberry, George R and Wyanski, David M and Harris, Patrick J},
  journal={Bulletin of Marine Science},
  volume={80},
  number={1},
  pages={45--65},
  year={2007},
  publisher={University of Miami-Rosenstiel School of Marine, Atmospheric \& Earth Science}
}

@article{rohtla2012early,
  title={Early life migration patterns of Baltic Sea pike Esox lucius},
  author={Rohtla, M and Vetemaa, M and Urtson, K and Soesoo, A},
  journal={Journal of Fish Biology},
  volume={80},
  number={4},
  pages={886--893},
  year={2012},
  publisher={Wiley Online Library}
}

@mastersthesis{wallace1987food,
  title={The food and feeding of Etrumeus whiteheadi Wongratana 1983, off the Cape Province of South Africa},
  author={Wallace-Fincham, Beverley Pastorah},
  year={1987},
  school={University of Cape Town}
}

@article{soe2021feeding,
  title={Feeding habits and seasonal trophic guilds structuring fish community in the bay mouth region of a tropical estuarine habitat},
  author={Soe, Kay Khine and Pradit, Siriporn and Hajisamae, Sukree},
  journal={Journal of Fish Biology},
  volume={99},
  number={4},
  pages={1430--1445},
  year={2021},
  publisher={Wiley Online Library}
}

@article{ley1994food,
  title={Food habits of mangrove fishes: a comparison along estuarine gradients in northeastern Florida Bay},
  author={Ley, Janet A and Montague, Clay L and Mclvor, Carole C},
  journal={Bulletin of Marine Science},
  volume={54},
  number={3},
  pages={881--899},
  year={1994},
  publisher={University of Miami-Rosenstiel School of Marine, Atmospheric \& Earth Science}
}

@article{verweij2006structure,
  title={Structure, food and shade attract juvenile coral reef fish to mangrove and seagrass habitats: a field experiment},
  author={Verweij, MC and Nagelkerken, I{\=e} and De Graaff, D and Peeters, M and Bakker, EJ and Van der Velde, G},
  journal={Marine Ecology Progress Series},
  volume={306},
  pages={257--268},
  year={2006}
}

@article{winemiller2011stable,
  title={Stable isotope analysis reveals food web structure and watershed impacts along the fluvial gradient of a Mesoamerican coastal river},
  author={Winemiller, Kirk O and Hoeinghaus, David J and Pease, Allison A and Esselman, Peter C and Honeycutt, Rodney L and Gbanaador, Donmale and Carrera, Elizabeth and Payne, Josiah},
  journal={River Research and Applications},
  volume={27},
  number={6},
  pages={791--803},
  year={2011},
  publisher={Wiley Online Library}
}

@article{ramos2016seasonal,
  title={Seasonal and spatial ontogenetic movements of Gerreidae in a Brazilian tropical estuarine ecocline and its application for nursery habitat conservation},
  author={Ramos, JAA and Barletta, M and Dantas, DV and Costa, MF},
  journal={Journal of fish biology},
  volume={89},
  number={1},
  pages={696--712},
  year={2016},
  publisher={Wiley Online Library}
}

@incollection{ramos2014seasonal,
  title={Seasonal variation in the composition and abundance of mojarra species (Teleostei: Gerreidae) in a mangrove ecosystem in the Gulf of California, M{\'e}xico},
  author={Ramos-Lozano, Leticia Jareny and Gonz{\'a}lez-Acosta, Adri{\'a}n F and de la Cruz-Ag{\"u}ero, Gustavo and Ruiz-Campos, Gorgonio},
  booktitle={The Arid Mangrove Forest From Baja California Peninsula},
  pages={93--103},
  year={2014},
  publisher={Nova Science Publishers, Inc.}
}

@article{angmalisang2020occurrence,
  title={Occurrence Patterns and Ontogenetic Intervals of Eutaeniichthys gilli (Gobiidae) in Obitsu-gawa River Estuary, Tokyo Bay, Central Japan},
  author={ANGMALISANG, David E and MARUYAMA, Keita and HIHARA, Ayumi and KOHNO, Hiroshi},
  journal={La mer},
  volume={58},
  number={3-4},
  pages={83--99},
  year={2020},
  publisher={The Japanese-French Oceanographic Society}
}

@article{ng2013fish,
  title={Fish diversity before and after construction of the Punggol and Serangoon reservoirs, Singapore},
  author={Ng, Pei Xin and Tan, Heok Hui},
  journal={Nature in Singapore},
  volume={6},
  pages={19--24},
  year={2013}
}

@article{bell1988location,
  title={Location of seagrass beds in estuaries: effects on associated fish and decapods},
  author={Bell, Johann D and Steffe, Aldo S and Westoby, Mark},
  journal={Journal of Experimental Marine Biology and Ecology},
  volume={122},
  number={2},
  pages={127--146},
  year={1988}
}

@article{azzurro2013fistularia,
  title={Fistularia commersonii in the Mediterranean Sea: invasion history and distribution modeling based on presence-only records},
  author={Azzurro, Ernesto and Soto, Sara and Garofalo, G and Maynou, Francesc},
  journal={Biological invasions},
  volume={15},
  pages={977--990},
  year={2013}
}

@article{schwartz2004occurrences,
  title={OCCURRENCES AND BIOLOGY OF CORNETFISHES (FISTULARIA, FAMILY FISTULARIIDAE) OFF NORTH AND SOUTH CAROLINA},
  author={SCHWARTZ, FRANK J and BARANS, CHARLES A and BOYLAN, JEANNE M},
  journal={Journal of the North Carolina Academy of Science},
  pages={26--31},
  year={2004}
}

@article{vega2004fish,
  title={Fish community structure and dynamics in a coastal hypersaline lagoon: Rio Lagartos, Yucatan, Mexico},
  author={Vega-Cendejas, Ma Eugenia and de Santillana, Mireya Hernandez},
  journal={Estuarine, Coastal and Shelf Science},
  volume={60},
  number={2},
  pages={285--299},
  year={2004}
}

@article{griffith1974environment,
  title={Environment and salinity tolerance in the genus Fundulus},
  author={Griffith, Robert W},
  journal={Copeia},
  pages={319--331},
  year={1974}
}

@article{bernardi2000genetic,
  title={Genetic evidence for limited dispersal in the coastal California killifish, Fundulus parvipinnis},
  author={Bernardi, Giacomo and Talley, Drew},
  journal={Journal of Experimental Marine Biology and Ecology},
  volume={255},
  number={2},
  pages={187--199},
  year={2000}
}

@article{madon2001importance,
  title={The importance of marsh access to growth of the California killifish, Fundulus parvipinnis, evaluated through bioenergetics modeling},
  author={Madon, Sharook P and Williams, Gregory D and West, Janelle M and Zedler, Joy B},
  journal={Ecological Modelling},
  volume={136},
  number={2-3},
  pages={149--165},
  year={2001}
}

@article{crego1997salinity,
  title={Salinity tolerance of four ecologically distinct species of Fundulus (Pisces: Fundulidae) from the northern Gulf of Mexico},
  author={Crego, Gregory J and Peterson, Mark S},
  journal={Gulf of Mexico Science},
  volume={15},
  number={1},
  pages={7},
  year={1997}
}

@article{janovy1987population,
  title={Population dynamics of the parasites in Fundulus zebrinus in the Platte River of Nebraska},
  author={Janovy Jr, John and Hardin, Eugene Lee},
  journal={The Journal of parasitology},
  pages={689--696},
  year={1987}
}

@article{hedger2004analysis,
  title={Analysis of the spatial distributions of mature cod (Gadus morhua) and haddock (Melanogrammus aeglefinus) abundance in the North Sea (1980--1999) using generalised additive models},
  author={Hedger, Richard and McKenzie, Eddie and Heath, Mike and Wright, Peter and Scott, Beth and Gallego, Alejandro and Andrews, Jessica},
  journal={Fisheries Research},
  volume={70},
  number={1},
  pages={17--25},
  year={2004}
}

@article{martinho2007influence,
  title={The influence of an extreme drought event in the fish community of a southern Europe temperate estuary},
  author={Martinho, Filipe and Leit{\~a}o, R and Viegas, Ivan and Dolbeth, Marina and Neto, JM and Cabral, Henrique N and Pardal, MA},
  journal={Estuarine, Coastal and Shelf Science},
  volume={75},
  number={4},
  pages={537--546},
  year={2007}
}

@mastersthesis{olsen2018tolerating,
  title={Tolerating climate change: a study on the influence of thermal history on thermal tolerance of Galaxias zebratus in rivers of the Cape Peninsula, South Africa},
  author={Olsen, Toni},
  year={2018},
  school={University of Cape Town}
}

@article{tilney1990food,
  title={The food and feeding habits of two co-occurring marine catfish Galeichthys feliceps and G. ater (Osteichthyes: Ariidae) along the south-east coast of South Africa},
  author={Tilney, RL and Hecht, T},
  journal={Journal of Zoology},
  volume={221},
  number={2},
  pages={171--193},
  year={1990},
  publisher={Wiley Online Library}
}

@article{chervinski1983salinity,
  title={Salinity tolerance of the mosquito fish, Gambusia affinis (Baird and Girard)},
  author={Chervinski, J},
  journal={Journal of Fish Biology},
  volume={22},
  number={1},
  pages={9--11},
  year={1983},
  publisher={Wiley Online Library}
}

@article{purcell2008adaptation,
  title={Adaptation as a potential response to sea-level rise: a genetic basis for salinity tolerance in populations of a coastal marsh fish},
  author={Purcell, Kevin M and Hitch, Alan T and Klerks, Paul L and Leberg, Paul L},
  journal={Evolutionary Applications},
  volume={1},
  number={1},
  pages={155--160},
  year={2008},
  publisher={Wiley Online Library}
}

@article{hubbs1957distributional,
  title={Distributional patterns of Texas fresh-water fishes},
  author={Hubbs, Clark},
  journal={The Southwestern Naturalist},
  pages={89--104},
  year={1957}
}

@article{alcaraz2007life,
  title={Life history variation of invasive mosquitofish (Gambusia holbrooki) along a salinity gradient},
  author={Alcaraz, Carles and Garc{\'\i}a-Berthou, Emili},
  journal={Biological Conservation},
  volume={139},
  number={1-2},
  pages={83--92},
  year={2007}
}

@article{greenfield1983belize,
  title={IN BELIZE, CENTRAL AMERICA},
  author={GREENFIELD, DAVID W and RAKOCINSKI, CHESTER P and GREENFIELD, TERESA A},
  year={1983}
}

@article{krumholz1963relationships,
  title={Relationships between fertility, sex ratio, and exposure to predation in populations of the mosquitofish Gambusia manni Hubbs at Bimini, Bahamas},
  author={Krumholz, Louis A},
  journal={Internationale Revue der gesamten Hydrobiologie und Hydrographie},
  volume={48},
  number={2},
  pages={201--256},
  year={1963},
  publisher={Wiley Online Library}
}

@article{meffe1985life,
  title={Life history patterns of Gambusia marshi (Poeciliidae) from Cuatro Cienegas, Mexico},
  author={Meffe, Gary K},
  journal={Copeia},
  pages={898--905},
  year={1985}
}

@article{carter1981aspects,
  title={Aspects of the physiological ecology of species of Gambusia from Belize, Central America},
  author={Carter, H Jacque},
  journal={Copeia},
  pages={694--700},
  year={1981}
}

@article{lee1980atlas,
  title={Atlas of North American freshwater fishes},
  author={Lee, David S and Burgess, GH and Lee, DS and Platania, SP},
  number={C/597.9297 A8},
  year={1980},
  publisher={North Carolina State Museum of Natural History.}
}

@article{williams1989biology,
  title={Biology of the threespine stickleback, Gasterosteus aculeatus, and the blackspotted stickleback, G. wheatlandi, during their marine pelagic phase in the Bay of Fundy, Canada},
  author={Williams, D Dudley and Delbeek, J Charles},
  journal={Environmental Biology of Fishes},
  volume={24},
  pages={33--41},
  year={1989}
}

@article{dantas2019ingestion,
  title={Ingestion of plastic fragments by the Guri sea catfish Genidens genidens (Cuvier, 1829) in a subtropical coastal estuarine system},
  author={Dantas, David V and Ribeiro, Cristian IR and Frischknecht, Catarina de CA and Machado, Rodrigo and Farias, Eduardo GG},
  journal={Environmental Science and Pollution Research},
  volume={26},
  pages={8344--8351},
  year={2019}
}

@article{machado2012ocorrencia,
  title={Ocorr{\^e}ncia do bagre marinho Genidens machadoi (Siluriformes, Ariidae) na laguna Tramanda{\'\i}, sul do Brasil},
  author={Machado, Rodrigo and Ott, Paulo Henrique and Sucunza, Federico and Marceniuk, Alexandre Pires},
  journal={Neotropical Biology and Conservation},
  volume={7},
  number={3},
  pages={214--219},
  year={2012}
}

@article{espino2015ocurrence,
  title={Ocurrence of the Torroto Grunt, Genyatremus cavifrons (Cuvier, 1830)(Actinopterygii: Haemulidae) In The Cananry Islands (Eastern Atlantic Ocean)},
  author={Espino, Fernando and Ram{\'\i}rez, B and Brito Hern{\'a}ndez, Alberto Miguel},
  journal={Revista de la Academia Canaria de Ciencias},
  year={2015}
}

@article{amezcua2019classification,
  title={Classification and comparison of five estuaries in the southeast Gulf of California based on environmental variables and fish assemblages},
  author={Amezcua, Felipe and Ramirez, Mauricio and Flores-Verdugo, Francisco},
  journal={Bulletin of Marine Science},
  volume={95},
  number={2},
  pages={139--159},
  year={2019},
  publisher={University of Miami-Rosenstiel School of Marine, Atmospheric \& Earth Science}
}

@article{cordova2019genetic,
  title={Genetic diversity and population structure of Genypterus chilensis, a commercial benthic marine species of the South Pacific},
  author={C{\'o}rdova-Alarc{\'o}n, Valentina R and Araneda, Cristi{\'a}n and Jilberto, Felipe and Magnolfi, Piero and Toledo, Mar{\'\i}a Isabel and Lam, Natalia},
  journal={Frontiers in Marine Science},
  volume={6},
  pages={748},
  year={2019},
  publisher={Frontiers Media SA}
}

@article{warry2013using,
  title={Using new electrofishing technology to amp-up fish sampling in estuarine habitats},
  author={Warry, Fiona Yvonne and Reich, Paul and Hindell, Jeremy Scott and McKenzie, J and Pickworth, A},
  journal={Journal of fish biology},
  volume={82},
  number={4},
  pages={1119--1137},
  year={2013},
  publisher={Wiley Online Library}
}

@article{tongnunui2002fish,
  title={Fish fauna of the Sikao Creek mangrove estuary, Trang, Thailand},
  author={Tongnunui, Prasert and Ikejima, KOU and Yamane, Takeshi and Horinouchi, Masahiro and Medej, Tomon and Sano, Mitsuhiko and Kurokura, Hisashi and Taniuchi, Toru},
  journal={Fisheries Science},
  volume={68},
  number={1},
  pages={10--17},
  year={2002},
  publisher={The Japanese Society of Fisheries Science}
}

@article{huxham2004mangrove,
  title={Mangrove fish: a comparison of community structure between forested and cleared habitats},
  author={Huxham, Mark and Kimani, E and Augley, Julian},
  journal={Estuarine, Coastal and Shelf Science},
  volume={60},
  number={4},
  pages={637--647},
  year={2004}
}

@incollection{mohapatra2015fish,
  title={Fish and shellfish fauna of Chilika lagoon: an updated checklist},
  author={Mohapatra, A and Mohanty, SK and Mishra, SS},
  booktitle={Marine faunal diversity in India},
  pages={195--224},
  year={2015}
}

@article{davis1977distribution,
  title={Distribution and temperature adaptation in the teleost fish genus Gibbonsia},
  author={Davis, BJ},
  journal={Marine biology},
  volume={42},
  pages={315--320},
  year={1977}
}

@article{stocks2015out,
  title={Out in the wash: spatial ecology of a temperate marine shallow rocky-reef species derived using acoustic telemetry},
  author={Stocks, Jerom R and Gray, Charles A and Taylor, Matthew D},
  journal={Marine and Freshwater Research},
  volume={66},
  number={6},
  pages={559--571},
  year={2015},
  publisher={CSIRO Publishing}
}

@article{norris1963functions,
  title={The functions of temperature in the ecology of the percoid fish Girella nigricans (Ayres)},
  author={Norris, Kenneth Stafford},
  journal={Ecological Monographs},
  volume={33},
  number={1},
  pages={23--62},
  year={1963}
}

@article{dinh2021some,
  title={Some biological parameters of Glossogobius aureus population from the Mekong Delta},
  author={Dinh, Quang and Tran, Ngu and Tran, Dinh},
  journal={Iranian Journal of Fisheries Sciences},
  volume={20},
  number={1},
  pages={84--95},
  year={2021},
  publisher={Agricultural Research, Education and Extension Organization}
}

@article{strydom2006description,
  title={Description and ecology of larvae of Glossogobius callidus and Redigobius dewaali (Gobiidae) from temperate South African estuaries},
  author={Strydom, Nadine A and Neira, Francisco J},
  journal={African Zoology},
  volume={41},
  number={2},
  pages={240--251},
  year={2006},
  publisher={Taylor \& Francis}
}

@article{gonzalez2001unusual,
  title={Unusual occurrence of Gnathanodon speciosus (Teleostei: Carangidae) in a mangrove swamp habitat of Baja California Sur, M{\'e}xico},
  author={Gonz{\'a}lez-Acosta, AF and De La Cruz-Ag{\"u}ero, G and Ru{\'\i}z-Campos, G and others},
  year={2001},
  publisher={Instituto Polit{\'e}cnico Nacional (IPN). Centro Interdisciplinario de Ciencias~…}
}

@article{conway2017molecular,
  title={Molecular systematics of the New World clingfish genus Gobiesox (Teleostei: Gobiesocidae) and the origin of a freshwater clade},
  author={Conway, Kevin W and Kim, Daemin and R{\"u}ber, Lukas and P{\'e}rez, H{\'e}ctor S Espinosa and Hastings, Philip A},
  journal={Molecular Phylogenetics and Evolution},
  volume={112},
  pages={138--147},
  year={2017}
}

@article{gray1996intra,
  title={Intra-and inter-estuary differences in assemblages of fishes associated with shallow seagrass and bare sand},
  author={Gray, CA and McElligott, DJ and Chick, RC},
  journal={Marine and Freshwater Research},
  volume={47},
  number={5},
  pages={723--735},
  year={1996},
  publisher={CSIRO Publishing}
}

@article{mcdowall2000reed,
  title={The Reed field guide to New Zealand freshwater fishes},
  author={McDowall, Robert Montgomery},
  year={2000}
}

@article{webb1972fish,
  title={Fish populations of the Avon-Heathcote estuary: 1. General ecology, distribution, and length-frequency},
  author={Webb, BF},
  journal={New Zealand journal of marine and freshwater research},
  volume={6},
  number={4},
  pages={570--601},
  year={1972},
  publisher={Taylor \& Francis}
}

@article{gibson1970observations,
  title={Observations on the biology of the giant goby Gobius cobitis Pallas},
  author={Gibson, RN},
  journal={Journal of Fish Biology},
  volume={2},
  number={3},
  pages={281--288},
  year={1970},
  publisher={Wiley Online Library}
}

@article{thorman1982niche,
  title={Niche dynamics and resource partitioning in a fish guild inhabiting a shallow estuary on the Swedish west coast},
  author={Thorman, Staffan},
  journal={Oikos},
  pages={32--39},
  year={1982}
}

@article{stevenson2002systematics,
  title={Systematics and distribution of fishes of the Asian goby genera Chaenogobius and Gymnogobius (Osteichthyes: Perciformes: Gobiidae), with the description of a new species},
  author={Stevenson, Duane E},
  journal={Species Diversity},
  volume={7},
  number={3},
  pages={251--312},
  year={2002},
  publisher={The Japanese Society of Systematic Zoology}
}

@article{ito2022molecular,
  title={Molecular evolution and convergence of the rhodopsin gene in Gymnogobius, a goby group having diverged into coastal to freshwater habitats},
  author={Ito, Ryosuke K and Harada, Shigeo and Tabata, Ryoichi and Watanabe, Katsutoshi},
  journal={Journal of Evolutionary Biology},
  volume={35},
  number={2},
  pages={333--346},
  year={2022},
  publisher={Wiley Online Library}
}

@article{inui2018abiotic,
  title={Abiotic and biotic factors influence the habitat use of four species of Gymnogobius (Gobiidae) in riverine estuaries in the Seto Inland Sea},
  author={Inui, Ryutei and Koyama, Akihiko and Akamatsu, Yoshihisa},
  journal={Ichthyological Research},
  volume={65},
  pages={1--11},
  year={2018}
}

@incollection{yanez1980fish,
  title={Fish community structure and function in Terminos Lagoon, a tropical estuary in the southern Gulf of Mexico},
  author={Y{\'a}{\~n}ez-Arancibia, Alejandro and Linares, Felipe Amezcua and Day Jr, John W},
  booktitle={Estuarine perspectives},
  pages={465--482},
  year={1980}
}

@article{layman2002preliminary,
  title={Preliminary survey and diet analysis of juvenile fishes of an estuarine creek on Andros Island, Bahamas},
  author={Layman, Craig A and Silliman, Brian R},
  journal={Bulletin of Marine Science},
  volume={70},
  number={1},
  pages={199--210},
  year={2002}
}

@article{choi2016summer,
  title={The Summer Diet of a Juvenile Barbell Steed, Hemibarbus labeo, in the Surf Zone of the Nakdong River Estuary, Korea},
  author={Choi, Hee Chan and Park, Joo Myun and Baeck, Gun Wook and Huh, Sung Hoi},
  journal={Journal of the Korean Society of Marine Environment \& Safety},
  volume={22},
  number={6},
  pages={766--772},
  year={2016},
  publisher={The Korean Society of Marine Environment and safety}
}

@article{kottelat2013fishes,
  title={The fishes of the inland waters of Southeast Asia: a catalogue and core bibliography of the fishes known to occur in freshwaters, mangroves and estuaries.},
  author={Kottelat, Maurice},
  journal={Raffles Bulletin of Zoology},
  year={2013}
}

@article{whitfield1994estuary,
  title={An estuary-association classification for the fishes of southern Africa},
  author={Whitfield, Alan K},
  journal={South African Journal of Science},
  volume={90},
  number={7},
  pages={411--417},
  year={1994},
  publisher={Academy of Science for South Africa (ASSAf)}
}

@article{yennawar2012occurrence,
  title={Occurrence of pennat coral fish, Heniochus acuminatus (Linnaeus, 1758)(Perciformes: Chaetodontidae) along Digha coast, India},
  author={Yennawar, Prasanna and Ray, Dipanjan and Mohapatra, Anil},
  journal={Records of the Zoological Survey of India},
  volume={112},
  number={3},
  pages={121--122},
  year={2012}
}

@article{al1990composition,
  title={Composition, seasonality and abundance of fishes in the Shatt Al-Basrah Canal, an estuary in Southern Iraq},
  author={Al-Daham, Najim K and Yousif, Adel Y},
  journal={Estuarine, Coastal and Shelf Science},
  volume={31},
  number={4},
  pages={411--421},
  year={1990}
}

@article{crinall2004assessing,
  title={Assessing the use of saltmarsh flats by fish in a temperate Australian embayment},
  author={Crinall, SM and Hindell, JS},
  journal={Estuaries},
  volume={27},
  pages={728--739},
  year={2004}
}

@article{yeoh2015diel,
  title={Diel, seasonal and regional variation of fish fauna in the nearshore waters of a south-coast Australian estuary},
  author={Yeoh, Daniel and Valesini, FJ and Hallett, CS and Williams, J and Abdo, D},
  year={2015}
}

@article{nandan2012temporal,
  title={Temporal pattern of fish production in a microtidal tropical estuary in the south-west coast of India},
  author={Nandan, S Bijoy and Jayachandran, PR and Sreedevi, OK and others},
  journal={Indian Journal of Fisheries},
  volume={59},
  number={2},
  pages={17--26},
  year={2012}
}

@article{aylesworth2015regional,
  title={Regional-scale patterns of habitat preference for the seahorse Hippocampus reidi in the tropical estuarine environment},
  author={Aylesworth, LA and Xavier, JH and Oliveira, TPR and Tenorio, GD and Diniz, AF and Rosa, IL},
  journal={Aquatic ecology},
  volume={49},
  pages={499--512},
  year={2015}
}

@article{rose2019seasonal,
  title={Seasonal and spatial variation in the reproductive biology of the dwarf seahorse Hippocampus zosterae},
  author={Rose, Emily and Simmonds, Mackenzie and Hayashida-Boyles, Alana L and Masonjones, Heather D},
  journal={Journal of fish biology},
  volume={95},
  number={2},
  pages={357--366},
  year={2019},
  publisher={Wiley Online Library}
}

@article{batanov2017captures,
  title={Captures of Pacific halibut Hippoglossus stenolepis (Pleuronectidae) in Anadyr estuary of the Bering Sea},
  author={Batanov, RL and Chikilev, VG and Mitenkova, LV},
  journal={Journal of Ichthyology},
  volume={57},
  pages={333--336},
  year={2017}
}

@article{bambaradeniya2002assessment,
  title={An assessment of the status of biodiversity in the Maduganga mangrove estuary},
  author={Bambaradeniya, Channa NB and Ekanayake, SP and Kekulandala, LDCB and Fernando, RHSS and Samarawickrama, VAP and Priyadharshana, TGM},
  journal={Occasional Papers of IUCN Sri Lanka},
  volume={1},
  pages={49},
  year={2002}
}

@article{murtala2012bioaccumulation,
  title={Bioaccumulation of heavy metals in fish (Hydrocynus forskahlii, Hyperopisus bebe occidentalis and Clarias gariepinus) organs in downstream Ogun coastal water, Nigeria},
  author={Murtala, Babatunde A and Abdul, Waidi Oyebanjo and Akinyemi, Adeolu A},
  journal={Transnational Journal of Science and Technology},
  volume={2},
  number={5},
  pages={119--133},
  year={2012}
}

@article{crabtree1982oyster,
  title={Oyster shell size and the selection of spawning sites by Chasmodes bosquianus, Hypleurochilus geminatus, Hypsoblennius ionthas (Pisces, Blenniidae) and Gobiosoma bosci (Pisces, Gobiidae) in two South Carolina estuaries},
  author={Crabtree, Roy E and Middaugh, Douglas P},
  journal={Estuaries},
  volume={5},
  pages={150--155},
  year={1982}
}

@article{hau2016occurrence,
  title={Occurrence of Hypoatherina valenciennei (Bleeker, 1854) post-larvae and juveniles collected at estuarine habitats of northern Vietnam},
  author={HAU, TRAN DUC and THANH, TRAN TRUNG and THUY, TA THI},
  journal={Tropical Natural History},
  volume={16},
  number={2},
  pages={107--117},
  year={2016}
}

@article{stanley1995allozyme,
  title={Allozyme analysis of delta smelt, Hypomesus transpacificus and longfin smelt, Spirinchus thaleichthys in the Sacramento-San Joaquin Estuary, California},
  author={Stanley, Scott E and Moyle, Peter B and Shaffer, H Bradley},
  journal={Copeia},
  pages={390--396},
  year={1995}
}

@article{garcia2004first,
  title={First records of introduced carps (Teleostei, Cyprinidae) in the natural habitats of Mirim and Patos Lagoon estuary, Rio Grande do Sul, Brazil},
  author={Garcia, Alexandre M and Loebmann, Daniel and Vieira, Jo{\~a}o P and Bemvenuti, Marlise A},
  journal={Revista Brasileira de Zoologia},
  volume={21},
  pages={157--159},
  year={2004},
  publisher={SciELO Brasil}
}

@article{vendel2022fish,
  title={Fish species of the Paraiba River estuary, northeastern Brazil},
  author={Vendel, Ana L{\'u}cia and Mac{\^e}do, Anderson Kelvin Saraiva and Silva, Jicaury Roberta Pereira da and Santos, Jonas de Andrade and Alves, Vivianne Evelyn do Nascimento and Rosa, Ricardo de Souza},
  journal={Biota Neotropica},
  volume={22},
  year={2022},
  publisher={SciELO Brasil}
}

@article{miller2014multivariate,
  title={Multivariate random forest models of estuarine-associated fish and invertebrate communities},
  author={Miller, Katharine and Huettmann, Falk and Norcross, Brenda and Lorenz, Mitch},
  journal={Marine Ecology Progress Series},
  volume={500},
  pages={159--174},
  year={2014}
}

@article{schmitt2019feeding,
  title={Feeding ecology of generalist consumers: a case study of invasive blue catfish Ictalurus furcatus in Chesapeake Bay, Virginia, USA},
  author={Schmitt, Joseph D and Peoples, Brandon K and Castello, Leandro and Orth, Donald J},
  journal={Environmental Biology of Fishes},
  volume={102},
  pages={443--465},
  year={2019}
}

@article{zhang2009reproductive,
  title={Reproductive biology of Ilisha elongata (Teleostei: Pristigasteridae) in Ariake Sound, Japan: Implications for estuarine fish conservation in Asia},
  author={Zhang, Jie and Takita, Toru and Zhang, Chunguang},
  journal={Estuarine, Coastal and Shelf Science},
  volume={81},
  number={1},
  pages={105--113},
  year={2009}
}

@article{porcaro2014spatial,
  title={Spatial and temporal distribution patterns of larval sciaenids in the estuarine system and adjacent continental shelf off Santos, Southeastern Brazil},
  author={Porcaro, Renata Roque and Zani-Teixeira, Maria de Lourdes and Katsuragawa, Mario and Namiki, Cl{\'a}udia and Ohkawara, M{\'a}rcio Hidekazu and Favero, Jana Menegassi del},
  journal={Brazilian Journal of Oceanography},
  volume={62},
  pages={149--164},
  year={2014},
  publisher={SciELO Brasil}
}

@article{ravanbakhsh2020heavy,
  title={Heavy metals risk assessment in fish species (Johnius belangerii (C) and Cynoglossus arel) in Musa Estuary, Persian Gulf},
  author={Ravanbakhsh, Maryam and Javid, Ahmad Zare and Hadi, Mahdi and Fard, Neamat Jaafarzadeh Haghighi},
  journal={Environmental Research},
  volume={188},
  pages={109560},
  year={2020}
}

@article{brockmann1974seasonality,
  title={Seasonality of fishes in a South Florida brackish canal},
  author={Brockmann, Fredrick W},
  journal={Florida Scientist},
  pages={65--70},
  year={1974}
}

@article{pavlov1988kestratherina,
  title={Kestratherina brevirostris, a new genus and species of silverside (Pisces: Atherinidae) with a review of atherinid marine and estuarine genera of southern Australia},
  author={Pavlov, A and Ivantsoff, W and Last, PR and Crowley, LELM},
  journal={Marine and Freshwater Research},
  volume={39},
  number={4},
  pages={385--397},
  year={1988},
  publisher={CSIRO Publishing}
}

@article{costa2006redescription,
  title={Redescription of Kryptolebias ocellatus (Hensel) and K. caudomarginatus (Seegers)(Teleostei: Cyprinodontiformes: Rivulidae), two killifishes from mangroves of south-eastern Brazil},
  author={Costa, WJEM},
  journal={Journal of Ichthyology and Aquatic Biology},
  volume={11},
  number={1},
  pages={5--12},
  year={2006}
}

@article{feutry2013evolution,
  title={Evolution of diadromy in fish: insights from a tropical genus (Kuhlia species)},
  author={Feutry, Pierre and Castelin, Magalie and Ovenden, Jennifer R and Dettai, Agnes and Robinet, Tony and Cruaud, Corinne and Keith, Philippe},
  journal={The American Naturalist},
  volume={181},
  number={1},
  pages={52--63},
  year={2013},
  publisher={University of Chicago Press Chicago, IL}
}

@article{siddique2013fishing,
  title={Fishing gears of the Meghna river estuary of Chandpur region, Bangladesh},
  author={Siddique, Abu Bakar and Saha, Debasish and Rahman, Mahabubur and Hossain, M Belal},
  journal={Trends Fish Res},
  volume={2},
  year={2013}
}

@article{dash2007notes,
  title={Notes on the fish resources of the Bahuda estuary, Orissa, India},
  author={Dash, S and Mishara, SS},
  year={2007}
}

@article{santos2022trophic,
  title={Trophic ecology and ecomorphology of the shorthead drum, Larimus breviceps (Acanthuriformes: Sciaenidae), from the northeastern Brazil},
  author={Santos, Lucas V and de Vasconcelos-Filho, Jonas Eloi and Lira, Alex Souza and Soares, Andrey and Eduardo, Leandro Nol{\'e} and Passarone, Rafaela and Le-Loc’h, Fran{\c{c}}ois and Lucena-Fr{\'e}dou, Fl{\'a}via},
  journal={Thalassas: An International Journal of Marine Sciences},
  volume={38},
  number={1},
  pages={1--11},
  year={2022}
}

@article{chen2007new,
  title={New record of the rare amphidromous gobiid genus, Lentipes (Teleostei: Gobiidae) from Taiwan with the comparison of Japanese population},
  author={Chen, I and Suzuki, Toshiyuki and Cheng, You-Hua and Han, Chiao-Chuan and Ju, Yu-Min and Fang, Lee-Shing and others},
  journal={Journal of Marine Science and Technology},
  volume={15},
  number={1},
  pages={7},
  year={2007}
}

@article{mcgrath2013temporal,
  title={Temporal and spatial effects on the diet of an estuarine piscivore, Longnose Gar (Lepisosteus osseus)},
  author={McGrath, Patrick E and Hilton, Eric J and Musick, John A},
  journal={Estuaries and coasts},
  volume={36},
  pages={1292--1303},
  year={2013}
}

@article{love2004age,
  title={Age, growth, and reproduction of spotted gar, Lepisosteus oculatus (Lepisosteidae), from the Lake Pontchartrain Estuary, Louisiana},
  author={Love, Joseph W},
  journal={The Southwestern Naturalist},
  pages={18--23},
  year={2004}
}

@article{gudivada2010new,
  title={On a new species of Neoechinorhynchus Hamann, 1892 (Acanthocephala: Neoechinorhynchoidea Southwell et Macfie, 1925) from Indian threadfin fish, Leptomelanosoma indicum Shaw, 1804 from Visakhapatnam coast, Andhra Pradesh, India},
  author={Gudivada, Mani and Chikkam, Vijayalakshmi and Vankara, Anu Prasanna},
  journal={Journal of Parasitic Diseases},
  volume={34},
  pages={89--93},
  year={2010}
}

@article{smale1983occurrence,
  title={The occurrence and feeding of Pomatomus saltatrix (elf) and Lichia amia (leervis) juveniles in two Cape south coast estuaries},
  author={Smale, MJ and Kok, HM},
  journal={South African Journal of Zoology},
  volume={18},
  number={4},
  pages={337--342},
  year={1983},
  publisher={Taylor \& Francis}
}

@article{rodriguez2023color,
  title={Color polymorphism in the Cuban endemic livebearing fish Limia vittata (Teloestei, Poeciliidae): Potential roles of sexual and natural selection},
  author={Rodriguez-Silva, Rodet and Spikes, Montrai and Monsisbay, Manuel Iturriaga and Schlupp, Ingo},
  journal={Ecology and Evolution},
  volume={13},
  number={1},
  pages={e9768},
  year={2023},
  publisher={Wiley Online Library}
}

@article{barbosa2015feeding,
  title={Feeding ecology of immature Lithodoras dorsalis (Valenciennes, 1840)(Siluriformes: Doradidae) in a tidal environment, estuary of the rio Amazonas},
  author={Barbosa, Thiago Augusto Pedroso and Barthem, Ronaldo Borges and Montag, Luciano Foga{\c{c}}a de Assis},
  journal={Neotropical Ichthyology},
  volume={13},
  pages={341--348},
  year={2015},
  publisher={SciELO Brasil}
}

@phdthesis{streich2012estuarine,
  title={Estuarine residence, habitat use, and movements of tripletail (Lobotes surinamensis) in the Ossabaw Sound Estuary, Georgia},
  author={Streich, Matthew Karl},
  year={2012},
  school={University of Georgia}
}

@article{vinson2004sciaenidae,
  title={Sciaenidae fish of the Caet{\'e} River estuary, Northern Brazil: mitochondrial DNA suggests explosive radiation for the Western Atlantic assemblage},
  author={Vinson, Christina and Gomes, Grazielle and Schneider, Horacio and Sampaio, Iracilda},
  journal={Genetics and Molecular Biology},
  volume={27},
  pages={174--180},
  year={2004},
  publisher={SciELO Brasil}
}

@article{tesch1967activity,
  title={Activity and behaviour of migrating Lampetra fluviatilis, Lota lota and Anguilla anguilla in the tidal area of the river Elbe},
  author={Tesch, Friedrich-Wilhelm},
  journal={Helgol{\"a}nder Wissenschaftliche Meeresuntersuchungen},
  volume={16},
  pages={92--111},
  year={1967}
}

@article{tresierra1979life,
  title={Life history of the snake prickleback Lumpenus sagitta Wilimovsky, 1956},
  author={Tresierra-Aguilar, Alvaro},
  year={1979}
}

@article{pimentel2010diet,
  title={Diet and food partitioning between juveniles of mutton Lutjanus analis, dog Lutjanus jocu and lane Lutjanus synagris snappers (Perciformes: Lutjanidae) in a mangrove-fringed estuarine environment},
  author={Pimentel, CR and Joyeux, J-C},
  journal={Journal of Fish Biology},
  volume={76},
  number={10},
  pages={2299--2317},
  year={2010},
  publisher={Wiley Online Library}
}

@article{ley1999fishes,
  title={Fishes in mangrove prop-root habitats of northeastern Florida Bay: distinct assemblages across an estuarine gradient},
  author={Ley, JA and McIvor, CC and Montague, CL},
  journal={Estuarine, Coastal and Shelf Science},
  volume={48},
  number={6},
  pages={701--723},
  year={1999}
}

@article{nanjo2011predation,
  title={Predation risks for juvenile fishes in a mangrove estuary: A comparison of vegetated and unvegetated microhabitats by tethering experiments},
  author={Nanjo, Kusuto and Nakamura, Yohei and Horinouchi, Masahiro and Kohno, Hiroyoshi and Sano, Mitsuhiko},
  journal={Journal of Experimental Marine Biology and Ecology},
  volume={405},
  number={1-2},
  pages={53--58},
  year={2011}
}

@article{kiso2003distribution,
  title={Distribution and feeding habits of juvenile and young John's snapper Lutjanus johnii in the Matang mangrove estuary, west coast of Peninsular Malaysia},
  author={Kiso, Katsuhiro and MAHYAM, MOHAMMAD},
  journal={Fisheries Science},
  volume={69},
  number={3},
  pages={563--568},
  year={2003},
  publisher={The Japanese Society of Fisheries Science}
}

@article{sheaves1995large,
  title={Large lutjanid and serranid fishes in tropical estuaries: are they adults or juveniles?},
  author={Sheaves, Marcus},
  journal={Marine ecology progress series},
  volume={129},
  pages={31--41},
  year={1995}
}

@article{shibuno2008habitat,
  title={Habitat use patterns of fishes across the mangrove-seagrass-coral reef seascape at Ishigaki Island, southern Japan},
  author={Shibuno, Takuro and Nakamura, Yohei and Horinouchi, Masahiro and Sano, Mitsuhiko},
  journal={Ichthyological Research},
  volume={55},
  pages={218--237},
  year={2008}
}

@article{blaber1990checklist,
  title={A checklist of the fishes of Albatross Bay and the Embley estuary, north-eastern Gulf of Carpentaria},
  author={Blaber, SJM and Salini, John Peter and Brewer, DT},
  year={1990},
  publisher={CSIRO Marine Laboratories}
}

@article{viana2010fish,
  title={Fish fauna as an indicator of environmental quality in an urbanised region of the Amazon estuary},
  author={Viana, AP and Lucena Fr{\'e}dou, F and Fr{\'e}dou, T and Torres, MF and Bordalo, AO},
  journal={Journal of Fish Biology},
  volume={76},
  number={3},
  pages={467--486},
  year={2010},
  publisher={Wiley Online Library}
}

@article{bloom2012molecular,
  title={Molecular phylogenetics reveals a pattern of biome conservatism in New World anchovies (family Engraulidae)},
  author={Bloom, Devin D and Lovejoy, NR22300535},
  journal={Journal of Evolutionary Biology},
  volume={25},
  number={4},
  pages={701--715},
  year={2012},
  publisher={Wiley Online Library}
}

@article{militelli2004spawning,
  title={Spawning and fecundity of king weakfish, Macrodon ancylodon, in the R{\'\i}o de la Plata estuary, Argentina--Uruguay},
  author={Militelli, MI and Macchi, GJ},
  journal={Journal of the Marine Biological Association of the United Kingdom},
  volume={84},
  number={2},
  pages={443--447},
  year={2004},
  publisher={Cambridge University Press}
}

@article{horn2011natal,
  title={Natal fidelity: a literature review in relation to the management of the New Zealand hoki (Macruronus novaezelandiae) stocks},
  author={Horn, PL},
  journal={New Zealand Fisheries Assessment Report},
  volume={34},
  pages={18},
  year={2011}
}

@article{sawai2019rare,
  title={A rare river stranding record of sharptail sunfish Masturus lanceolatus in Fukuoka Prefecture, Japan},
  author={Sawai, Etsuro and Hibino, Yusuke and Iwasaki, Tomoki},
  journal={Biogeography},
  volume={21},
  pages={27--30},
  year={2019},
  publisher={Biogeographical Society of Japan}
}

@article{castillo2010diel,
  title={Diel and seasonal variability in the fish community structure of a mud-bottom estuarine habitat in the Gulf of Mexico},
  author={Castillo-Rivera, Manuel and Z{\'a}rate-Hern{\'a}ndez, Roc{\'\i}o and Ortiz-Burgos, Selene and Zavala-Hurtado, Jos{\'e}},
  journal={Marine Ecology},
  volume={31},
  number={4},
  pages={633--642},
  year={2010},
  publisher={Wiley Online Library}
}

@article{getter1981ecology,
  title={Ecology and survival of the key silverside, Menidia conchorum, an atherinid fish endemic to the Florida keys},
  author={Getter, Charles D},
  year={1981},
  publisher={University of Miami}
}

@article{conover1982patterns,
  title={Patterns in seasonal abundance, growth and biomass of the Atlantic silverside, Menidia menidia, in a New England estuary},
  author={Conover, David O and Ross, Michael R},
  journal={Estuaries},
  volume={5},
  pages={275--286},
  year={1982}
}

@article{lucas1982feeding,
  title={Feeding ecology of the gulf silverside, Menidia peninsulae, near Crystal River, Florida, with notes on its life history},
  author={Lucas, Jeffrey R},
  journal={Estuaries},
  volume={5},
  pages={138--144},
  year={1982}
}

@article{ralph1982biological,
  title={Biological and fisheries data on northern kingfish, Menticirrhus saxatilis},
  author={Ralph, Daniel E},
  year={1982}
}

@article{potter1988age,
  title={Age composition, growth, movements, meristics and parasites of the whiting, Merlangius merlangus, in the Severn Estuary and Bristol Channel},
  author={Potter, IC and Gardner, DC and Claridge, PN},
  journal={Journal of the Marine Biological Association of the United Kingdom},
  volume={68},
  number={2},
  pages={295--313},
  year={1988},
  publisher={Cambridge University Press}
}

@article{liggins1996catch,
  title={By-catch from prawn trawling in the Clarence River estuary, New South Wales, Australia},
  author={Liggins, GW and Kennelly, SJ},
  journal={Fisheries research},
  volume={25},
  number={3-4},
  pages={347--367},
  year={1996}
}

@article{burchmore1984community,
  title={Community structure and trophic relationships of the fish fauna of an estuarine Posidonia australis seagrass habitat in Port Hacking, New South Wales},
  author={Burchmore, JJ and Pollard, DA and Bell, JD},
  journal={Aquatic botany},
  volume={18},
  number={1-2},
  pages={71--87},
  year={1984}
}

@phdthesis{krispyn2021fish,
  title={The fish faunas of estuaries in the Albany region of south-western Australia},
  author={Krispyn, Kurt},
  year={2021},
  school={Murdoch University}
}

@phdthesis{wressnig2006feeding,
  title={Feeding ecology and role of two common seagrass (Posidonia australis) inhabiting fishes, the monacanthids Meuschenia freycineti and Meuschenia trachylepis},
  author={Wressnig, Anna},
  year={2006}
}

@article{souza2013microdesmus,
  title={Microdesmus longipinnis (Gobioidei, Microdesmidae): occurrence, abundance and sampling in a subtropical estuary},
  author={Souza-Concei{\c{c}}{\~a}o, Jos{\'e} Maria and de Paula Costa, Micheli Duarte and Spach, Henry Louis and Schwingel, Paulo Ricardo},
  journal={Neotropical Biology and Conservation},
  volume={8},
  number={2},
  pages={111},
  year={2013},
  publisher={Pensoft Publishers}
}

@article{troast2019exploring,
  title={Exploring Multi-Scale Variation of Fish Community Diversity in a Dynamic Coastal Estuary},
  author={Troast, Brittany},
  year={2019}
}

@article{humphreys2006can,
  title={Can otolith microchemistry reveal whether the blind cave gudgeon, Milyeringa veritas (Eleotridae), is diadromous within a subterranean estuary?},
  author={Humphreys, WF and Shiao, Jen-Chieh and Iizuka, Yoshiyuki and Tzeng, Wann-Nian},
  journal={Environmental Biology of Fishes},
  volume={75},
  pages={439--453},
  year={2006}
}

@article{larson2001revision,
  title={A revision of the gobiid fish genus Mugilogobius (Teleostei: Gobioidei), and its systematic placement},
  author={Larson, Helen K},
  year={2001},
  publisher={Western Australian Museum Perth}
}

@article{lazzari1989life,
  title={Life history and food habits of the grubby, Myoxocephalus aeneus (Cottidae), in a Cape Cod Estuary},
  author={Lazzari, MA and Able, KW and Fahay, MP},
  journal={Copeia},
  pages={7--12},
  year={1989}
}

@article{greenwood2002trends,
  title={Trends in abundance of benthic and demersal fish populations of the lower Forth Estuary, East Scotland, from 1982--2001},
  author={Greenwood, MFD and Hill, AS and McLusky, DS},
  journal={Journal of fish biology},
  volume={61},
  pages={90--104},
  year={2002},
  publisher={Wiley Online Library}
}

@article{serkov2003salinity,
  title={Salinity tolerance of some teleost fishes of Peter the Great Bay, Sea of Japan},
  author={Serkov, VM},
  journal={Russian Journal of Marine Biology},
  volume={29},
  pages={368--371},
  year={2003}
}

@article{begum2008food,
  title={On the food and feeding habit of an estuarine catfish (Mystus gulio Hamilton) in the south-west coast of Bangladesh},
  author={Begum, M and Alam, MJ and Islam, MA and Pal, HK},
  journal={University journal of zoology, Rajshahi University},
  volume={27},
  pages={91--94},
  year={2008}
}

@article{castellanos2013spatial,
  title={Spatial variability of mangrove fish assemblage composition in the tropical eastern Pacific Ocean},
  author={Castellanos-Galindo, Gustavo A and Krumme, Uwe and Rubio, Efrain A and Saint-Paul, Ulrich},
  journal={Reviews in Fish Biology and Fisheries},
  volume={23},
  pages={69--86},
  year={2013}
}

@article{lejk2013settlement,
  title={The settlement of N eogobius fluviatilis (P allas, 1814) in V istula River estuaries (southern B altic S ea, P oland)},
  author={Lejk, AM and {\.Z}danowicz, Maciej and Sapota, MR and Psuty, I},
  journal={Journal of Applied Ichthyology},
  volume={29},
  number={5},
  pages={1154--1157},
  year={2013}
}

@article{shiao2016habitat,
  title={Habitat use and migratory life history of Salangid icefish (Salangidae) revealed by otolith Sr/Ca ratios},
  author={Shiao, Jen-Chieh and Chen, Chien-Yu and Zhang, Jie and Iizuka, Yoshiyuki},
  journal={Zoological Studies},
  volume={55},
  year={2016},
  publisher={Biodiversity Research Center, Academia Sinica}
}

@article{kanjanarakha2021liver,
  title={Liver histopathology of selected estuarine fishes from the Pranburi River estuary of Thailand.},
  author={Kanjanarakha, Tassaporn and Senarat, Sinlapachai and Kettratad, Jes and Wongkamhaeng, Koraon and Sudtongkong, Chanyut and Jiraungkoorskul, Wannee},
  journal={Songklanakarin Journal of Science \& Technology},
  volume={43},
  number={4},
  year={2021}
}

@article{murdy2003odontamblyopus,
  title={Odontamblyopus rebecca, a new species of amblyopine goby from Vietnam with a key to known species of the genus (Gobiidae: Amblyopinae)},
  author={Murdy, Edward O and Shibukawa, Koichi},
  journal={Zootaxa},
  volume={138},
  number={1},
  pages={1--6},
  year={2003}
}

@article{bemvenuti2006silversides,
  title={Silversides in South Brazil: Morphological and ecological aspects},
  author={Bemvenuti, MA},
  journal={Biocell},
  volume={30},
  number={1},
  pages={111--118},
  year={2006},
  publisher={SciELO Argentina}
}

@article{baumgartner2002resource,
  title={Resource use and behavioral ecology of the mangrove blenny, Omobranchus rotundiceps obliquus (Garman 1903)},
  author={Baumgartner, Erin},
  year={2002},
  publisher={University of Hawai'i at Manoa}
}

@article{de2011assessment,
  title={Assessment of larval distribution of invasive Omobranchus punctatus (Valenciennes, 1836)(Pisces: Blenniidae) in a subtropical estuary (Southern Brazil)},
  author={de Paula Costa, Micheli Duarte and Souza-Concei{\c{c}}{\~a}o, Jos{\'e} Maria and Schwingel, Paulo Ricardo and Spach, Henry Louis},
  journal={Aquatic Invasions},
  volume={6},
  number={1},
  pages={S33--S38},
  year={2011},
  publisher={Regional Euro-Asian Biological Invasions Centre}
}

@article{behnke2010trout,
  title={Trout and salmon of North America},
  author={Behnke, Robert},
  year={2010},
  publisher={Simon and Schuster}
}

@article{lee2019multivariate,
  title={Multivariate approach for identifying environmental indicator species in estuarine systems},
  author={Lee, Wen Y and Kuhn, Nathan L},
  journal={Marine Ecology Progress Series},
  volume={611},
  pages={19--29},
  year={2019}
}

@article{lahlou1969renal,
  title={Renal adaptations by Opsanus tau, a euryhaline aglomerular teleost, to dilute media},
  author={Lahlou, BRAHIM and Henderson, IW and Sawyer, WILBUR H},
  journal={American Journal of Physiology-Legacy Content},
  volume={216},
  number={5},
  pages={1266--1272},
  year={1969},
  publisher={American Physiological Society}
}

@incollection{brauner2012extreme,
  title={Extreme environments: hypersaline, alkaline, and ion-poor waters},
  author={Brauner, Colin J and Gonzalez, Richard J and Wilson, Jonathan M},
  booktitle={Fish physiology},
  volume={32},
  pages={435--476},
  year={2012},
  publisher={Elsevier}
}

@article{avella1993salinity,
  title={Salinity tolerance of two tropical fishes, Oreochromis aureus and O. niloticus. I. Biochemical and morphological changes in the gill epithelium},
  author={Avella, M and Berhaut, J and Bornancin, M},
  journal={Journal of Fish Biology},
  volume={42},
  number={2},
  pages={243--254},
  year={1993}
}

@article{russell2012review,
  title={A review of the biology, ecology, distribution and control of Mozambique tilapia, Oreochromis mossambicus (Peters 1852)(Pisces: Cichlidae) with particular emphasis on invasive Australian populations},
  author={Russell, DJ and Thuesen, PA and Thomson, FE},
  journal={Reviews in Fish Biology and Fisheries},
  volume={22},
  pages={533--554},
  year={2012}
}

@article{kanyumba2013population,
  title={Population structure and genetic diversity of Oreochromis shiranus chilwae (Trewavas, 1966) in Lake Chilwa},
  author={Kanyumba, Lucious G and Changadeya, Wisdom J and Ambali, Aggrey JD and Kaunda, Emmanuel WK},
  journal={International Journal of Research in Social Sciences},
  volume={3},
  number={4},
  pages={353--371},
  year={2013}
}

@article{watanabe1990salinity,
  title={Salinity tolerance and seawater survival vary ontogenetically in Florida red tilapia},
  author={Watanabe, Wade O and Ellingson, Lisa J and Olla, Bori L and Ernst, Douglas H and Wicklund, Robert I},
  journal={Aquaculture},
  volume={87},
  number={3-4},
  pages={311--321},
  year={1990}
}

@article{darcy1983synopsis,
  title={Synopsis of biological data on the pigfish, Orthopristis chrysoptera (Pisces: Haemulidae)},
  author={Darcy, George H},
  year={1983}
}

@article{lima2020could,
  title={Could artificial reefs increase access to estuarine fishery resources? Insights from a long-term assessment},
  author={Lima, Juliano Silva and Sanchez-Jerez, Pablo and dos Santos, Luciano Neves and Zalmon, Ilana Rosental},
  journal={Estuarine, Coastal and Shelf Science},
  volume={242},
  pages={106858},
  year={2020}
}

@article{roberts1998systematic,
  title={Systematic observations on tropical Asian medakas or ricefishes of the genus Oryzias, with descriptions of four new species},
  author={Roberts, Tyson R},
  journal={Ichthyological Research},
  volume={45},
  pages={213--224},
  year={1998}
}

@article{myosho2018hyperosmotic,
  title={Hyperosmotic tolerance of adult fish and early embryos are determined by discrete, single loci in the genus Oryzias},
  author={Myosho, Taijun and Takahashi, Hideya and Yoshida, Kento and Sato, Tadashi and Hamaguchi, Satoshi and Sakamoto, Tatsuya and Sakaizumi, Mitsuru},
  journal={Scientific reports},
  volume={8},
  number={1},
  pages={6897},
  year={2018}
}

@article{inoue2002diverse,
  title={Diverse adaptability in Oryzias species to high environmental salinity},
  author={Inoue, Koji and Takei, Yoshio},
  journal={Zoological science},
  volume={19},
  number={7},
  pages={727--734},
  year={2002}
}

@article{wainaina2013seasonality,
  title={Seasonality in fish assemblage structure in an East African mangrove creek},
  author={Wainaina, MW and Kaunda-Arara, B and Njiru, JM},
  journal={African Journal of Marine Science},
  volume={35},
  number={2},
  pages={163--173},
  year={2013}
}

@article{richards1985inshore,
  title={Inshore fish community structure in a subtropical estuary.},
  author={Richards, J and Wu, RSS},
  journal={Asian Marine Biology},
  volume={2},
  pages={57--68},
  year={1985}
}

@article{sackett2008habitat,
  title={Habitat dynamics of summer flounder Paralichthys dentatus within a shallow USA estuary, based on multiple approaches using acoustic telemetry},
  author={Sackett, DK and Able, KW and Grothues, TM},
  journal={Marine Ecology Progress Series},
  volume={364},
  pages={199--212},
  year={2008}
}

@article{kramer1990habitat,
  title={Habitat specificity and ontogenetic movements of juvenile California halibut, Paralichthys californicus, and other flatfishes in shallow waters of southern California},
  author={Kramer, Sharon Hendrix},
  year={1990}
}

@article{warlen1990immigration,
  title={Immigration of larvae of fall/winter spawning marine fishes into a North Carolina estuary},
  author={Warlen, Stanley M and Burke, John S},
  journal={Estuaries},
  volume={13},
  pages={453--461},
  year={1990}
}

@article{packer1999essential,
  title={Essential fish habitat source document. Summer flounder, Paralichthys dentatus, life history and habitat characteristics},
  author={Packer, David B},
  volume={134},
  year={1999}
}

@article{murdy2008paratrypauchen,
  title={Paratrypauchen, a new genus for Trypauchen microcephalus Bleeker, 1860,(Perciformes: Gobiidae: Amblyopinae) with a redescription of Ctenotrypauchen chinensis Steindachner, 1867, and a key to ‘Trypauchen’group genera},
  author={Murdy, Edward O},
  journal={aqua},
  volume={14},
  number={3-10},
  year={2008}
}

@article{reinthal1991freshwater,
  title={The freshwater fishes of Madagascar: a study of an endangered fauna with recommendations for a conservation strategy},
  author={Reinthal, PN and Stiassny, MLJ},
  journal={Conservation Biology},
  volume={5},
  number={2},
  pages={231--243},
  year={1991}
}

@article{fujita2002species,
  title={Species composition and seasonal occurrence of fish larvae and juveniles in the Shimanto Estuary, Japan},
  author={Fujita, Shinji and Kinoshita, Izumi and Takahashi, Isao and Azuma, Kensaku},
  journal={Fisheries science},
  volume={68},
  number={2},
  pages={364--370},
  year={2002}
}

@article{nanjo2008food,
  title={Food habits of fishes in the mangrove estuary of Urauchi River, Iriomote Island, southern Japan},
  author={Nanjo, Kusuto and Kohno, Hiroyoshi and Sano, Mitsuhiko},
  journal={Fisheries Science},
  volume={74},
  pages={1024--1033},
  year={2008}
}

@article{martinho2010does,
  title={Does the flatfish community of the Mondego estuary (Portugal) reflect environmental changes?},
  author={Martinho, F and Dolbeth, M and Viegas, I and Baptista, J and Cabral, HN and Pardal, MA},
  journal={Journal of Applied Ichthyology},
  volume={26},
  number={6},
  pages={843--852},
  year={2010}
}

@article{paz2011characterization,
  title={Characterization of the fishing activity in Vila do Conde (Barcarena, State of Par{\'a}), Amazon estuary},
  author={Paz, Alexsandra C{\^a}mara and Fr{\'e}dou, Flavia Lucena and Fr{\'e}dou, Thierry},
  journal={Boletim do Museu Paraense Em{\'\i}lio Goeldi. Ci{\^e}ncias Humanas},
  volume={6},
  pages={307--318},
  year={2011}
}

@article{murphy1991reproduction,
  title={Reproduction, Age And Growth, And Movements Of The Gulf Butterfish Peprilus-Burti},
  author={Murphy, Michael D and Chittenden, Mark E},
  journal={Fishery Bulletin},
  volume={89},
  number={1},
  pages={101},
  year={1991}
}

@article{muncy1962life,
  title={Life history of the yellow perch, Perca flavescens, in estuarine waters of Severn River, a tributary of Chesapeake Bay, Maryland},
  author={Muncy, Robert J},
  journal={Chesapeake Science},
  volume={3},
  pages={143--159},
  year={1962}
}

@article{christensen2019intra,
  title={Intra-specific difference in the effect of salinity on physiological performance in European perch (Perca fluviatilis) and its ecological importance for fish in estuaries},
  author={Christensen, Emil AF and Stieglitz, John D and Grosell, Martin and Steffensen, John F},
  journal={Biology},
  volume={8},
  number={4},
  pages={89},
  year={2019}
}

@article{dinh2022factors,
  title={Factors regulating growth pattern and condition factor of an amphibious fish Periophthalmus gracilis living in the Mekong Delta},
  author={Dinh, Quang Minh and Nguyen, Ton Huu Duc and Truong, Ngon Trong and Nguyen-Ngoc, Lam},
  journal={PeerJ},
  volume={10},
  pages={e13060},
  year={2022}
}

@article{polgar2017habitat,
  title={Habitat segregation and cryptic adaptation of species of Periophthalmus (Gobioidei: Gobiidae)},
  author={Polgar, G and Zaccara, S and Babbucci, M and Fonzi, F and Antognazza, CM and Ishak, N and Sulaiman, Z and Crosa, G},
  journal={Journal of fish biology},
  volume={90},
  number={5},
  pages={1926--1943},
  year={2017}
}

@article{baeck2015length,
  title={Length--weight and length--length relationships and seasonal condition factors for two mudskippers, P eriophthalmus modestus (C antor, 1842) and P. magnuspinnatus (L ee, C hoi \& R yu, 1995)(G obiidae), on tidal flats of K orea},
  author={Baeck, GW and Park, Joo Myun},
  journal={Journal of Applied Ichthyology},
  volume={31},
  number={1},
  pages={261--264},
  year={2015}
}

@article{santi2020phenotypic,
  title={Phenotypic differentiation in a heterogeneous environment: morphological and life-history responses to ecological gradients in a livebearing fish},
  author={Santi, F and Petry, AC and Plath, M and Riesch, R},
  journal={Journal of Zoology},
  volume={310},
  number={1},
  pages={10--23},
  year={2020}
}

@article{becker2007seasonal,
  title={Seasonal and diel comparisons of the diets of four dominant fish species within the main channel and flood-zone of a small intermittently open estuary in south-eastern Australia},
  author={Becker, Alistair and Laurenson, Laurie JB},
  journal={Marine and Freshwater Research},
  volume={58},
  number={12},
  pages={1086--1095},
  year={2007}
}

@article{becker2008presence,
  title={Presence of fish on the shallow flooded margins of a small intermittently open estuary in south eastern Australia under variable flooding regimes},
  author={Becker, Alistair and Laurenson, Laurie JB},
  journal={Estuaries and Coasts},
  volume={31},
  pages={43--52},
  year={2008}
}

@article{svirgsden2018eurasian,
  title={Do Eurasian minnows (Phoxinus phoxinus L.) inhabiting brackish water enter fresh water to reproduce: Evidence from a study on otolith microchemistry},
  author={Svirgsden, Roland and Rohtla, Mehis and Albert, Anu and Taal, Imre and Saks, Lauri and Verliin, Aare and Vetemaa, Markus},
  journal={Ecology of Freshwater Fish},
  volume={27},
  number={1},
  pages={89--97},
  year={2018}
}

@article{mourao2015spatial,
  title={Spatial and seasonal variation of the ichthyofauna and habitat use in the inner portion of the Brazilian Amazon Estuary},
  author={Mour{\~a}o, Keila Renata Moreira and Fredou, Thierry and Fr{\'e}dou, Fl{\'a}via LUCENA},
  journal={Boletim do Instituto de Pesca},
  volume={41},
  number={3},
  pages={529--545},
  year={2015}
}

@article{lopes2017reproductive,
  title={Reproductive dynamics of Lycengraulis grossidens (Clupeiformes: Engraulidae) and Platanichthys platana (Clupeiformes: Clupeidae) in a subtropical coastal lagoon},
  author={Lopes, CA and Reynalte-Tataje, DA and Nu{\~n}er, APO},
  journal={Brazilian Journal of Biology},
  volume={78},
  pages={477--486},
  year={2017}
}

@article{puckridge2019tropics,
  title={From the tropics to the pole and back again: Radiation in the flathead fishes (Platycephalidae) across Australia and the Indo-West Pacific},
  author={Puckridge, Melody and Last, Peter R and Gledhill, Daniel C and Andreakis, Nikos},
  journal={Journal of Biogeography},
  volume={46},
  number={4},
  pages={680--693},
  year={2019}
}

@article{raz2002fish,
  title={Fish communities in two environmentally different estuarine systems of Mexico},
  author={Raz-Guzman, A and Huidobro, L},
  journal={Journal of Fish Biology},
  volume={61},
  pages={182--195},
  year={2002}
}

@article{miller1966geographical,
  title={Geographical distribution of Central American freshwater fishes},
  author={Miller, Robert Rush},
  journal={Copeia},
  pages={773--802},
  year={1966}
}

@article{banet2016linking,
  title={Linking reproduction, locomotion, and habitat use in the Trinidadian guppy (Poecilia reticulata)},
  author={Banet, Amanda I and Svendsen, Jon C and Eng, Kevin J and Reznick, David N},
  journal={Oecologia},
  volume={181},
  pages={87--96},
  year={2016}
}

@article{schultz1971species,
  title={Species of the Poecilia sphenops complex (Pisces: Poeciliidae) in Mexico},
  author={Schultz, R Jack and Miller, Robert Rush},
  journal={Copeia},
  pages={282--290},
  year={1971}
}

@article{woo1995tolerance,
  title={Tolerance of Pomacanthus imperator to hypoosmotic salinities: changes in body composition and hepatic enzyme activities},
  author={Woo, NYS and Chung, KC},
  journal={Journal of Fish Biology},
  volume={47},
  number={1},
  pages={70--81},
  year={1995}
}

@article{gonzalez2010impact,
  title={The impact of extreme turbidity events on the nursery function of a temperate European estuary with regulated freshwater inflow},
  author={Gonz{\'a}lez-Orteg{\'o}n, Enrique and Subida, Mar{\'\i}a Dulce and Cuesta, Jos{\'e} A and Arias, Alberto M and Fern{\'a}ndez-Delgado, Carlos and Drake, Pilar},
  journal={Estuarine, Coastal and Shelf Science},
  volume={87},
  number={2},
  pages={311--324},
  year={2010}
}

@article{abroguena2020fish,
  title={Fish communities and environmental variables during dry season in Pampanga estuary (Philippines)},
  author={Abroguena, Jeff Bogart R and Range, Pedro and Cruz, Wilfredo and Tentia-Lagumen, Mary Chris and Chicharo, Luis},
  journal={Regional Studies in Marine Science},
  volume={34},
  pages={101053},
  year={2020}
}

@article{lenanton1996tailor,
  title={Tailor (Pomatomus saltatrix) off Western Australia: where does it spawn and how are the larvae distributed?},
  author={Lenanton, RC and Ayvazian, SG and Pearce, AF and Steckis, RA and Young, GC},
  journal={Marine and Freshwater Research},
  volume={47},
  number={2},
  pages={337--346},
  year={1996}
}

@article{boissin2011effects,
  title={Effects of current and historic habitat fragmentation on the genetic structure of the sand goby Pomatoschistus minutus (Osteichthys, Gobiidae)},
  author={Boissin, Emilie and Hoareau, Thierry Bernard and Berrebi, Patrick},
  journal={Biological Journal of the Linnean Society},
  volume={102},
  number={1},
  pages={175--198},
  year={2011}
}

@article{vasil2016morphological,
  title={Morphological variability, chromosome polymorphism, and problems of identifying individual species of gobies of the group Ponticola (Gobiidae) and assessing taxonomic relations of local populations},
  author={Vasil’eva, ED and Vasil’ev, VP},
  journal={Journal of Ichthyology},
  volume={56},
  pages={644--655},
  year={2016}
}

@article{zarei2022integrative,
  title={An integrative insight into the diversity, distribution, and biogeography of the freshwater endemic clade of the Ponticola syrman group (Teleostei: Gobiidae) in the Caucasus biodiversity hotspot},
  author={Zarei, Fatah and Esmaeili, Hamid Reza and Sadeghi, Reza and Schliewen, Ulrich K and Kova{\v{c}}i{\'c}, Marcelo and Abbasi, Keyvan and Gholamhosseini, Ali},
  journal={Ecology and Evolution},
  volume={12},
  number={9},
  pages={e9300},
  year={2022}
}

@article{schwartz2002cape,
  title={The Cape Fear river system: a nursery area for five species of searobins (genus Prionotus, family Triglidae)},
  author={SCHWARTZ, FRANK J},
  journal={Journal of the North Carolina Academy of Science},
  pages={237--242},
  year={2002}
}

@article{jaureguizar2007spatio,
  title={Spatio-temporal distribution of Atlantic searobins (Prionotus spp.) in relation to estuarine dynamics (Rio de la Plata, Southwestern Atlantic Coastal System)},
  author={Jaureguizar, AJ and Waessle, JA and Guerrero, RA},
  journal={Estuarine, Coastal and Shelf Science},
  volume={73},
  number={1-2},
  pages={30--42},
  year={2007}
}

@article{martemyanov2012indices,
  title={Indices of salt and water metabolism in tubenose goby Proterorhinus marmoratus Pallas, introduced into Rybinsk reservoir, and in indigenous carp Cyprinus carpio L. depending on environmental salinity},
  author={Martemyanov, VI and Borisovskaya, EV},
  journal={Russian Journal of Biological Invasions},
  volume={3},
  pages={110--117},
  year={2012}
}

@article{tabouret2014amphidromy,
  title={Amphidromy and marine larval phase of ancestral gobioids Rhyacichthys guilberti and Protogobius attiti (Teleostei: Rhyacichthyidae)},
  author={Tabouret, H{\'e}l{\`e}ne and Tomadin, M and Taillebois, L and Iida, M and Lord, C and P{\'e}cheyran, Christophe and Keith, P},
  journal={Marine and Freshwater Research},
  volume={65},
  number={9},
  pages={776--783},
  year={2014}
}

@article{loneragan1987influence,
  title={Influence of environmental variables on the fish fauna of the deeper waters of a large Australian estuary},
  author={Loneragan, NR and Potter, IC and Lenanton, RCJ and Caputi, N},
  journal={Marine Biology},
  volume={94},
  pages={631--641},
  year={1987}
}

@article{ahmad2006inland,
  title={Inland fishes recorded from the Langkawi Islands, Peninsular Malaysia},
  author={Ahmad, Anguilla and Lim, KELVIN KP},
  journal={Malayan Nature Journal},
  volume={59},
  number={1},
  pages={103},
  year={2006}
}

@article{jiang2016comparison,
  title={Comparison of inshore and offshore fish larval assemblages within the wider Yangtze River estuary (China)},
  author={Jiang, M and Li, L and Shen, XQ and Quan, WM},
  journal={Journal of Applied Ichthyology},
  volume={32},
  number={1},
  pages={97--104},
  year={2016}
}

@article{allen2002field,
  title={Field guide to the freshwater fishes of Australia.},
  author={Allen, Gerald R and Midgley, Stephen Hamar and Allen, Mark and others},
  year={2002}
}

@article{gomon2021review,
  title={A review of the Australasian genus Pseudophycis (Gadiformes: Moridae), redescribing its four species and resurrecting the name Physiculus palmatus Klunzinger, 1872, for the Australian Red Cod},
  author={GoMon, Martin F and StrutherS, Carl D and KeMp, JoDie},
  journal={Memoirs of Museum Victoria},
  volume={80},
  year={2021}
}

@article{scott2007osmoregulatory,
  title={The osmoregulatory ability of the invasive species sunbleak Leucaspius delineatus and topmouth gudgeon Pseudorasbora parva at elevated salinities, and their likely dispersal via brackish waters},
  author={Scott, DM and Wilson, RW and Brown, JA},
  journal={Journal of Fish Biology},
  volume={70},
  number={5},
  pages={1606--1614},
  year={2007}
}

@article{birstein1993sturgeons,
  title={Sturgeons and paddlefishes: threatened fishes in need of conservation},
  author={Birstein, Vadim J},
  journal={Conservation Biology},
  volume={7},
  number={4},
  pages={773--787},
  year={1993}
}

@article{sadio2021length,
  title={Length--weight relationships of 5 fish species from the Sine Saloum estuary, Senegal, West Africa},
  author={Sadio, Oumar and Simier, Monique and Le Loc’h, Fran{\c{c}}ois and Tito de Morais, Luis},
  journal={Journal of Applied Ichthyology},
  volume={37},
  number={5},
  pages={802--804},
  year={2021}
}

@article{ramirez2008food,
  title={Food habits and feeding ecology of an estuarine fish assemblage of northern Pacific Coast of Ecuador},
  author={Ram{\'\i}rez-Luna, VIVIANA and Navia, Andr{\'e}s F and Rubio, EFRA{\'I}N A},
  journal={Pan-American Journal of Aquatic Sciences},
  volume={3},
  number={3},
  pages={361--372},
  year={2008}
}

@article{kiener1972fishes,
  title={Fishes of the continental waters of Madagascar},
  author={Kiener, A and Richard-Vindard, G},
  journal={Biogeography and Ecology in Madagascar},
  pages={477--499},
  year={1972}
}

@article{collette2001scombridae,
  title={Scombridae. Tunas (also, albacore, bonitos, mackerels, seerfishes, and wahoo)},
  author={Collette, BB},
  journal={FAO species identification guide for fishery purposes. The living marine resources of the Western Central Pacific},
  volume={6},
  pages={3721--3756},
  year={2001}
}

@article{crook2008evidence,
  title={Evidence of diadromous movements in a coastal population of southern smelts (Retropinninae: Retropinna) from Victoria, Australia},
  author={Crook, David A and Macdonald, Jed I and Raadik, Tarmo A},
  journal={Marine and Freshwater Research},
  volume={59},
  number={7},
  pages={638--646},
  year={2008}
}

@article{whitfield1981salinity,
  title={Salinity ranges of some southern African fish species occurring in estuaries},
  author={Whitfield, AK and Blaber, SJM and Cyrus, DP},
  journal={African Zoology},
  volume={16},
  number={3},
  pages={151--155},
  year={1981}
}

@article{bloom2017origins,
  title={On the origins of marine-derived freshwater fishes in South America},
  author={Bloom, Devin D and Lovejoy, Nathan R},
  journal={Journal of Biogeography},
  volume={44},
  number={9},
  pages={1927--1938},
  year={2017}
}

@article{barletta2003seasonal,
  title={Seasonal changes in density, biomass, and diversity of estuarine fishes in tidal mangrove creeks of the lower Caet{\'e} Estuary (northern Brazilian coast, east Amazon)},
  author={Barletta, M{\'a}rio and Barletta-Bergan, Audrey and Saint-Paul, Ulrich and Hubold, Gerd},
  journal={Marine Ecology Progress Series},
  volume={256},
  pages={217--228},
  year={2003}
}

@article{schofield2018non,
  title={Non-native fishes of the central Indian River Lagoon},
  author={Schofield, Pamela J and Loftus, William F and Reaver, Kristen M},
  journal={Florida Scientist},
  volume={81},
  number={1},
  pages={12--24},
  year={2018}
}

@article{kiabi1999status,
  title={Status of the fish fauna in the South Caspian Basin of Iran},
  author={Kiabi, Bahram H and Abdoli, Asghar and Naderi, Mehdi},
  journal={Zoology in the Middle East},
  volume={18},
  number={1},
  pages={57--65},
  year={1999}
}

@article{kotlik2008divergence,
  title={Divergence with gene flow between Ponto-Caspian refugia in an anadromous cyprinid Rutilus frisii revealed by multiple gene phylogeography},
  author={Kotlik, Petr and MarkovA, Silvia and CHOLEVA, LUK{\'A}{\v{S}} and Bogutskaya, Nina G and EkmekCI, F Guler and Ivanova, Petya P},
  journal={Molecular ecology},
  volume={17},
  number={4},
  pages={1076--1088},
  year={2008}
}

@article{jonsson2009review,
  title={A review of the likely effects of climate change on anadromous Atlantic salmon Salmo salar and brown trout Salmo trutta, with particular reference to water temperature and flow},
  author={Jonsson, Bror and Jonsson, Nina},
  journal={Journal of fish biology},
  volume={75},
  number={10},
  pages={2381--2447},
  year={2009}
}

@article{austin2019otolith,
  title={Otolith microchemistry reveals partial migration and life history variation in a facultatively anadromous, iteroparous salmonid, bull trout (Salvelinus confluentus)},
  author={Austin, Catherine S and Bond, Morgan H and Smith, Joseph M and Lowery, Erin D and Quinn, Thomas P},
  journal={Environmental biology of fishes},
  volume={102},
  pages={95--104},
  year={2019}
}

@article{skelton2012complete,
  title={A complete guide to the freshwater fishes of southern Africa},
  author={Skelton, Paul Harvey},
  year={2012}
}

@article{ahmadnezhad2014osmoregulatory,
  title={Osmoregulatory capabilities of Zander (Sander lucioperca) fingerlings in different salinities of the Caspian Sea},
  author={Ahmadnezhad, M and Oryan, Sh and Bahmani, M and Sayad Bourani, M},
  year={2014}
}

@book{carpenter1999field,
  title={Field guide to the living marine resources of Namibia},
  author={Carpenter, KE},
  year={1999},
  publisher={Food \& Agriculture Org.}
}

@book{whitehead1985fao,
  title={FAO species catalogue Vol. 7. clupeoid fishes of the world (suborder clupeoidei): An annotated and illustrated catalogue of the herrings, sardines, pilchards, sprats, shads, anchovies and wolf-herrings},
  author={Whitehead, Peter JP},
  year={1985},
  publisher={Food and Agriculture Organization of the United Nations}
}

@article{ishitobi2000comparison,
  title={Comparison of fish fauna in three areas of adjacent eutrophic estuarine lagoons with different salinities},
  author={Ishitobi, Yu and Hiratsuka, Jun-ichi and Kuwabara, Hiromichi and Yamamuro, Masumi},
  journal={Journal of Marine systems},
  volume={26},
  number={2},
  pages={171--181},
  year={2000}
}

@article{soares2021environmental,
  title={Environmental conditions promote local segregation, but functional distinctiveness allows aggregation of catfishes in the Amazonian estuary},
  author={Soares, Bruno E and Benone, Naraiana L and Barthem, Ronaldo B and Marceniuk, Alexandre P and Montag, Luciano FA},
  journal={Estuarine, Coastal and Shelf Science},
  volume={251},
  pages={107256},
  year={2021}
}

@article{wakeman1985sciaenops,
  title={Sciaenops ocellatus (Red Drum)},
  author={Wakeman, John M and Wohlschlag, Donald E},
  journal={Contributions in Marine Science},
  volume={26},
  pages={165--177},
  year={1985}
}

@article{schrandt2015habitat,
  title={Habitat use and fishery dynamics of a heavily exploited coastal migrant, Spanish mackerel},
  author={Schrandt, Meagan N and Powers, Sean P and Mareska, John F},
  journal={North American Journal of Fisheries Management},
  volume={35},
  number={2},
  pages={352--363},
  year={2015}
}

@article{martino2003fish,
  title={Fish assemblages across the marine to low salinity transition zone of a temperate estuary},
  author={Martino, Edward J and Able, Kenneth W},
  journal={Estuarine, Coastal and Shelf Science},
  volume={56},
  number={5-6},
  pages={969--987},
  year={2003}
}

@book{gomon2008fishes,
  title={Fishes of Australia's southern coast},
  author={Gomon, Martin F and Bray, Dianne J and Kuiter, Rudie H and others},
  year={2008},
  publisher={New Holland Chatswood}
}

@article{davis2016herbivory,
  title={Herbivory promotes dental disparification and macroevolutionary dynamics in grunters (Teleostei: Terapontidae), a freshwater adaptive radiation},
  author={Davis, Aaron M and Unmack, Peter J and Vari, Richard P and Betancur-R, Ricardo},
  journal={The American Naturalist},
  volume={187},
  number={3},
  pages={320--333},
  year={2016}
}

@article{bell1995active,
  title={Active salinity choice and enhanced swimming endurance in 0 to 8-d-old larvae of diadromous gobies, including Sicydium punctatum (Pisces), in Dominica, West Indies},
  author={Bell, KNI and Brown, JA},
  journal={Marine Biology},
  volume={121},
  pages={409--417},
  year={1995}
}

@article{lord2011femtosecond,
  title={Femtosecond laser ablation ICP-MS measurement of otolith Sr: Ca and Ba: Ca composition reveal differential use of freshwater habitats for three amphidromous Sicyopterus (Teleostei: Gobioidei: Sicydiinae) species},
  author={Lord, C and Tabouret, H{\'e}l{\`e}ne and Claverie, F and P{\'e}cheyran, Christophe and Keith, P},
  journal={Journal of Fish Biology},
  volume={79},
  number={5},
  pages={1304--1321},
  year={2011}
}

@article{muthiadin2020penja,
  title={Penja fish (Genus: Sicyopterus) from Karama River, West Sulawesi, Indonesia: Growth pattern and habitat characteristics},
  author={MUTHIADIN, CUT MUTHIADIN and Aziz, Isna Rasdianah and Hasyimuddin, Hasyimuddin and Nur, Fatmawati and ST AISYAH, SIJID and Azman, Saifullah and HADIATY, RENNY KURNIA and Alimuddin, Ilham},
  journal={Biodiversitas Journal of Biological Diversity},
  volume={21},
  number={10},
  year={2020}
}

@article{gundermann1983biology,
  title={Biology and life cycle of Siganus vermiculatus (Siganidae, Pisces)},
  author={Gundermann, N and Popper, DM and Lichatowich, T},
  year={1983}
}

@article{cabral1999differential,
  title={Differential use of nursery areas within the Tagus estuary by sympatric soles, Solea solea and Solea senegalensis},
  author={Cabral, Henrique and Costa, Maria Jos{\'e}},
  journal={Environmental Biology of Fishes},
  volume={56},
  pages={389--397},
  year={1999}
}

@article{perez2012interactive,
  title={Interactive effects of salinity on oxygen consumption, ammonium excretion, osmoregulation and Na+/K+-ATP ase expression in the bullseye puffer (Sphoeroides annulatus, J enyns 1842)},
  author={P{\'e}rez-Robles, Javier and Re, Ana Denisse and Giffard-Mena, Ivone and D{\'\i}az, Fernando},
  journal={Aquaculture Research},
  volume={43},
  number={9},
  pages={1372--1383},
  year={2012}
}

@article{tagatz1961seasonal,
  title={Seasonal occurrence of marine fishes in four shore habitats near Beaufort, NC, 1957-60},
  author={Tagatz, Marlin E and Dudley, Donnie L},
  number={390},
  year={1961}
}

@article{prodocimo2004estuarine,
  title={Estuarine pufferfishes (Sphoeroides testudineus and S. greeleyi) submitted to sea water dilution during ebb tide: a field experiment},
  author={Prodocimo, Viviane and Freire, Carolina A},
  journal={Marine and Freshwater Behaviour and Physiology},
  volume={37},
  number={1},
  pages={1--5},
  year={2004}
}

@article{whitehead1984fishes,
  title={Fishes of the north-eastern Atlantic and the Mediterranean. v. 1.},
  author={Whitehead, Peter James Palmer and Bauchot, Marie-Louise and Hureau, Jean-Claude and Nielsen, JTORTONESE and Tortonese, E},
  year={1984}
}

@article{ojaveer2010ecology,
  title={Ecology and long-term forecasting of sprat (Sprattus sprattus balticus) stock in the Baltic Sea: a review},
  author={Ojaveer, Evald and Kalejs, Margers},
  journal={Reviews in Fish Biology and Fisheries},
  volume={20},
  pages={203--217},
  year={2010}
}

@article{dantas2015feeding,
  title={Feeding ecology and seasonal diet overlap between Stellifer brasiliensis and Stellifer stellifer in a tropical estuarine ecocline},
  author={Dantas, DV and Barletta, M and Costa, MF},
  journal={Journal of Fish Biology},
  volume={86},
  number={2},
  pages={707--733},
  year={2015}
}

@inproceedings{nishimoto2007status,
  title={Status of native Hawaiian stream fishes, a unique amphidromous biota},
  author={Nishimoto, Robert T and Fitzsimons, J Michael},
  booktitle={American Fisheries Society Symposium},
  volume={53},
  pages={59--65},
  year={2007}
}

@article{thuesen2011amphidromy,
  title={Amphidromy links a newly documented fish community of continental Australian streams, to oceanic islands of the West Pacific},
  author={Thuesen, Paul A and Ebner, Brendan C and Larson, Helen and Keith, Philippe and Silcock, Rebecca M and Prince, Jason and Russell, David J},
  journal={PLoS One},
  volume={6},
  number={10},
  pages={e26685},
  year={2011}
}

@article{lovejoy2001phylogenetic,
  title={Phylogenetic relationships of New World needlefishes (Teleostei: Belonidae) and the biogeography of transitions between marine and freshwater habitats},
  author={Lovejoy, Nathan R and Collette, Bruce B},
  journal={Copeia},
  volume={2001},
  number={2},
  pages={324--338},
  year={2001}
}

@article{kolmann2020habitat,
  title={Habitat transitions alter the adaptive landscape and shape phenotypic evolution in needlefishes (Belonidae)},
  author={Kolmann, Matthew A and Burns, Michael D and Ng, Justin YK and Lovejoy, Nathan R and Bloom, Devin D},
  journal={Ecology and evolution},
  volume={10},
  number={8},
  pages={3769--3783},
  year={2020}
}

@dissertation{switzer2003ecology,
  title={The ecology of two estuarine-dependent tonguefishes, the blackcheek tonguefish (Symphurus plagiusa) and the offshore tonguefish (S. civitatium), in coastal Louisiana},
  author={Switzer, Theodore Scot},
  year={2003},
  publisher={Louisiana State University and Agricultural \& Mechanical College}
}

@article{mobley2009environmental,
  title={Environmental, demographic, and genetic mating system variation among five geographically distinct dusky pipefish (Syngnathus floridae) populations},
  author={Mobley, Kenyon B and Jones, Adam G},
  journal={Molecular Ecology},
  volume={18},
  number={7},
  pages={1476--1490},
  year={2009}
}

@article{howe2015using,
  title={Using stable isotopes to discern mechanisms of connectivity in estuarine detritus-based food webs},
  author={Howe, Emily R and Simenstad, Charles A},
  journal={Marine Ecology Progress Series},
  volume={518},
  pages={13--29},
  year={2015}
}

@article{diaz2000distribution,
  title={Distribution and abundance of Syngnathus louisianae and Syngnathus scovelli (Syngnathidae) in Tamiahua Lagoon, Gulf of Mexico},
  author={D{\'\i}az-Ruiz, Silvia and Aguirre-Le{\'o}n, Arturo and P{\'e}rez-Soli, O},
  journal={Ciencias Marinas},
  volume={26},
  number={1},
  pages={125--143},
  year={2000}
}

@article{power2003long,
  title={Long-term trends in the estuarine abundance of Nilsson's pipefish (Syngnathus rostellatus Nilsson)},
  author={Power, M and Attrill, MJ},
  journal={Estuarine, Coastal and Shelf Science},
  volume={57},
  number={1-2},
  pages={325--333},
  year={2003}
}

@article{birrer2012salinity,
  title={Salinity change impairs pipefish immune defence},
  author={Birrer, Simone C and Reusch, Thorsten BH and Roth, Olivia},
  journal={Fish \& Shellfish Immunology},
  volume={33},
  number={6},
  pages={1238--1248},
  year={2012}
}

@phdthesis{jeffers2007ecology,
  title={Ecology of Inshore Lizardfish, Synodus Foetens, in the Northern Gulf of Mexico},
  author={Jeffers, Sarah Ann Branson},
  year={2007},
  school={University of West Florida}
}

@article{lee2005low,
  title={Low-salinity tolerance of juvenile fugu Takifugu rubripes},
  author={Lee, Kyung Mi and Kaneko, Toyoji and Aida, Katsumi},
  journal={Fisheries Science},
  volume={71},
  pages={1324--1331},
  year={2005}
}

@article{thomas2001fish,
  title={Fish use of subtropical saltmarshes in Queensland, Australia: relationships with vegetation, water depth and distance onto the marsh},
  author={Thomas, Bonnie E and Connolly, Rod M},
  journal={Marine Ecology Progress Series},
  volume={209},
  pages={275--288},
  year={2001}
}

@article{cisneros1995life,
  title={Life history and conservation of Totoaba macdonaldi},
  author={Cisneros-Mata, Miguel A and Montemayor-L{\'o}pez, Gabriela and Rom{\'a}n-Rodr{\'\i}guez, Martha J},
  journal={Conservation Biology},
  volume={9},
  number={4},
  pages={806--814},
  year={1995}
}

@article{kalidas2012survival,
  title={Survival and growth of juvenile silver pompano Trachinotus blochii (Lacep{\`e}de, 1801) at different salinities in tropical conditions},
  author={Kalidas, C and Sakthivel, M and Tamilmani, G and Ramesh Kumar, P and Nazar, AK Abdul and Jayakumar, R and Jothi, Prem and Gopakumar, G and others},
  journal={Indian Journal of Fisheries},
  volume={59},
  number={3},
  pages={95--98},
  year={2012}
}

@article{ueno2005seasonal,
  title={Seasonal variation of chromophore composition in the eye of the Japanese dace, Tribolodon hakonensis},
  author={Ueno, Y and Ohba, H and Yamazaki, Y and Tokunaga, F and Narita, K and Hariyama, T},
  journal={Journal of Comparative Physiology A},
  volume={191},
  pages={1137--1142},
  year={2005}
}

@article{puturuhu1994density,
  title={Density, biomass and feeding consumption of some demersal fish along salinity gradient in the Westerschelde area},
  author={Puturuhu, Louise},
  year={1994}
}

@article{balykin2019changes,
  title={Changes in salinity and species composition of ichthyofauna in the sea of Azov},
  author={Balykin, PA and Kutsyn, DN and Orlov, and AM},
  journal={Oceanology},
  volume={59},
  pages={358--366},
  year={2019}
}

@article{ghosh2011fish,
  title={Fish diversity of Subarnarekha Estuary in relation to salinity},
  author={Ghosh, AMITABHA and Bhaumik, Utpal and Satpathy, BB},
  journal={Journal of Inland Fisheries Society of India},
  volume={43},
  number={1},
  pages={51--61},
  year={2011}
}

@article{pfeiler200813,
  title={13 Physiological Ecology of Developing Bonefish Larvae},
  author={Pfeiler, Edward},
  journal={Biology and Management},
  pages={179},
  year={2008}
}

@article{falahatkar2015review,
  title={Review on the Caspian Shemaya, Alburnus chalcoides (G{\'\i}$1/4$ldenst{\"a}dt, 1772)},
  author={Falahatkar, Bahram and Amlashi, Ali Safarpour and Eagderi, Soheil and Mousavi-Sabet, Hamed and others},
  journal={International Journal of Aquatic Biology},
  volume={3},
  number={5},
  pages={323--330},
  year={2015}
}

@article{dzul2012endangered,
  title={Endangered Mexican fish under special protection: Diagnosis of habitat fragmentation, protection, and future-a review},
  author={Dzul-Caamal, Ricardo and Olivares-Rubio, Hugo F and Medina-Segura, Cynthia G and Vega-L{\'o}pez, Armando},
  journal={Endangered species: habitat, protection and ecological significance},
  pages={109--130},
  year={2012}
}

@article{bianco2002status,
  title={The status of the twaite shad, Alosa agone, in italy and the Western Balkans},
  author={Bianco, Pier Giorgio},
  journal={Marine Ecology},
  volume={23},
  pages={51--64},
  year={2002}
}

@article{mcbride2011florida,
  title={Florida's diadromous fishes: biology, ecology, conservation, and management},
  author={McBride, Richard S and Matheson, Richard E},
  journal={Florida Scientist},
  pages={187--213},
  year={2011}
}

@article{connolly2005modification,
  title={Modification of saltmarsh for mosquito control in Australia alters habitat use by nekton},
  author={Connolly, Rod M},
  journal={Wetlands Ecology and Management},
  volume={13},
  pages={149--161},
  year={2005}
}

@article{ghedotti2013phylogeny,
  title={Phylogeny, classification, and evolution of salinity tolerance of the North American topminnows and killifishes, family Fundulidae (Teleostei: Cyprinodontiformes)},
  author={Ghedotti, Michael J and Davis, Matthew P},
  journal={Fieldiana Life and Earth Sciences},
  volume={2013},
  number={7},
  pages={1--65},
  year={2013}
}

@article{alo2019otolith,
  title={Otolith microchemistry and diadromy in Patagonian river fishes},
  author={Al{\`o}, Dominique and Correa, Cristian and Samaniego, Horacio and Krabbenhoft, Corey A and Turner, Thomas F},
  journal={PeerJ},
  volume={7},
  pages={e6149},
  year={2019}
}

@article{barletta2005role,
  title={The role of salinity in structuring the fish assemblages in a tropical estuary},
  author={Barletta, M and Barletta-Bergan, A and Saint-Paul, USGH and Hubold, G},
  journal={Journal of fish biology},
  volume={66},
  number={1},
  pages={45--72},
  year={2005}
}

@article{potter1986life,
  title={Life cycles and distribution of atherinids in the marine and estuarine waters of southern Australia},
  author={Potter, IC and Ivantsoff, W and Cameron, R and Minnard, J},
  journal={Hydrobiologia},
  volume={139},
  pages={23--40},
  year={1986}
}

@article{carpelan1961salinity,
  title={Salinity tolerances of some fishes of a southern California coastal lagoon},
  author={Carpelan, Lars H},
  journal={Copeia},
  volume={1961},
  number={1},
  pages={32--39},
  year={1961}
}

@article{feyrer2015estuarine,
  title={Estuarine fish communities respond to climate variability over both river and ocean basins},
  author={Feyrer, Frederick and Cloern, James E and Brown, Larry R and Fish, Maxfield A and Hieb, Kathryn A and Baxter, Randall D},
  journal={Global Change Biology},
  volume={21},
  number={10},
  pages={3608--3619},
  year={2015}
}

@article{lanes2014discovery,
  title={Discovery of endangered annual killifish Austrolebias cheradophilus (Aplocheiloidei: Rivulidae) in Brazil, with comments on habitat, population structure and conservation status},
  author={Lan{\'e}s, Luis Esteban Krause and Gon{\c{c}}alves, {\^A}ndrio Cardozo and Volcan, Matheus Vieira},
  journal={Neotropical Ichthyology},
  volume={12},
  pages={117--124},
  year={2014}
}

@article{neilson2009escape,
  title={Escape from the Ponto-Caspian: Evolution and biogeography of an endemic goby species flock (Benthophilinae: Gobiidae: Teleostei)},
  author={Neilson, Matthew E and Stepien, Carol A},
  journal={Molecular Phylogenetics and Evolution},
  volume={52},
  number={1},
  pages={84--102},
  year={2009}
}

@article{sandu2013structure,
  title={The Structure and Diversity of Fish Communities from Predeltaic Danube Area},
  author={SANDU, Petronela G C{\u{A}}LIN and OPREA, Lucian and CRISTEA, Victor and TIGANOV, George and others},
  journal={Bulletin UASVM Animal Science and Biotechnologies},
  volume={70},
  number={1},
  pages={168--174},
  year={2013}
}

@article{levin2019phylogeny,
  title={Phylogeny, phylogeography and hybridization of Caucasian barbels of the genus Barbus (Actinopterygii, Cyprinidae)},
  author={Levin, Boris A and Gandlin, Alexander A and Simonov, Evgeniy S and Levina, Marina A and Barmintseva, Anna E and Japoshvili, Bella and Mugue, Nikolai S and Mumladze, Levan and Mustafayev, Namig J and Pashkov, Andrey N and others},
  journal={Molecular Phylogenetics and Evolution},
  volume={135},
  pages={31--44},
  year={2019}
}

@article{kerfoot2011environmental,
  title={Environmental correlates of the abundance and distribution of Belonesox belizanus in a novel environment},
  author={Kerfoot, James R and Lorenz, Jerome J and Turingan, Ralph G},
  journal={Environmental biology of fishes},
  volume={92},
  pages={125--139},
  year={2011}
}

@article{esmaeili2014updated,
  title={An updated checklist of fishes of the Caspian Sea basin of Iran with a note on their zoogeography},
  author={ESMAEILI, Hamid Reza and Brian, W COAD and MEHRABAN, Hamid Reza and Masoudi, Mojtaba and KHAEFI, Roozbehan and ABBASI, Keyvan and MOSTAFAVI, Hossein and VATANDOUST, Saber},
  journal={Iranian Journal of Ichthyology},
  volume={1},
  number={3},
  pages={152--184},
  year={2014}
}

@article{lappalainen2000coastal,
  title={Coastal-Fish Communities along the Northern Coast of the Gulf of Finland, Baltic Sea: Responses to Salinity and Eutrophication},
  author={Lappalainen, Antti and Shurukhin, Alexander and Alekseev, Gregory and Rinne, Jukka},
  journal={International Review of Hydrobiology: A Journal Covering all Aspects of Limnology and Marine Biology},
  volume={85},
  number={5-6},
  pages={687--696},
  year={2000}
}

@article{mcdowall1971galaxiid,
  title={The galaxiid fishes of South America},
  author={McDOWALL, Robert Montgomery},
  journal={Zoological Journal of the Linnean Society},
  volume={50},
  number={1},
  pages={33--73},
  year={1971}
}

@dissertation{holcomb1970ecological,
  title={An ecological study of the Gulf Menhaden (Brevoortia patronus) in a low salinity estuary in Texas.},
  author={Holcomb Jr, HW},
  year={1970},
  publisher={Texas A\&M University.}
}

@article{blaber1983biology,
  title={The biology of Carangidae (Teleostei) in Natal estuaries},
  author={Blaber, SJM and Cyrus, DP},
  journal={Journal of Fish Biology},
  volume={22},
  number={2},
  pages={173--188},
  year={1983}
}

@article{doi2015spawning,
  title={Spawning of eight Southeast Asian brackish and freshwater puffers of the genera Tetraodon and Carinotetraodon in captivity},
  author={Doi, Hiroyuki and Sakai, Harumi and Yamanoue, Yusuke and Sonoyama, Takayuki and Ishibashi, Toshiaki},
  journal={Fisheries Science},
  volume={81},
  pages={291--299},
  year={2015}
}

@article{hopker2022sr,
  title={Sr Isotope Ratios (87Sr/86Sr) in Water and Fish Otoliths as Estuarine Salinity Tracers: Case Studies from Three NW African Rivers},
  author={H{\"o}pker, Sebastian N and Wu, Henry C and Lucassen, Friedrich and Sadio, Oumar and Brochier, Timoth{\'e}e and Nuworkpor, Ishmael Y and Kasemann, Simone A and Merschel, Peter and Westphal, Hildegard},
  journal={Estuaries and Coasts},
  volume={45},
  number={6},
  pages={1780--1802},
  year={2022}
}

@article{reyes2017feeding,
  title={Feeding Habits of Cathorops aguadulce (Siluriformes: Ariidae) in an Estuarine System in the Southern Gulf of Mexico},
  author={Reyes-Ramirez, Henrry and Florido, Rosa and Alvarez-Pliego, Nicolas and Sanchez, Alberto J and Salcedo, Miguel {\'A}ngel},
  journal={Hidrobiol{\'o}gica},
  volume={27},
  number={2},
  pages={163--173},
  year={2017}
}

@article{soares2020dieta,
  title={DIETA DO BAGRE ESTUARINO Cathorops arenatus (VALENCIENNES, 1840) NA ILHA DE MAIANDEUA, PAR{\~A}, BRASIL},
  author={Soares, Bruno Eleres and Lobato, Cleonice Maria Cardoso and Marceniuk, Alexandre Pires and Rosa, Daniela Cristina Oliveira and Foga{\~A}, Luciano and others},
  journal={Biota Amaz{\~A}{\'{}} nia (Biote Amazonie, Biota Amazonia, Amazonian Biota)},
  volume={10},
  number={1},
  pages={59--61},
  year={2020}
}

@article{marceniuk2007description,
  title={Description of Cathorops manglarensis, a new species from the Colombian Pacific, with redescription of Cathorops multiradiatus (Siluriformes; Ariidae)},
  author={Marceniuk, Alexandre P},
  journal={Zootaxa},
  volume={1529},
  number={1},
  pages={33--48},
  year={2007}
}

@article{betancur2005description,
  title={Description of Cathorops mapale, a new species of sea catfish (Siluriformes: Ariidae) from the Colombian Caribbean, based on morphological and mitochondrial evidence},
  author={BETANCUR-R, RICARDO and others},
  journal={Zootaxa},
  volume={1045},
  number={1},
  pages={45--60},
  year={2005}
}

@article{gonzales2006air,
  title={Air breathing of aquatic burrow-dwelling eel goby, Odontamblyopus lacepedii (Gobiidae: Amblyopinae)},
  author={Gonzales, Tomas T and Katoh, Masaya and Ishimatsu, Atsushi},
  journal={Journal of Experimental Biology},
  volume={209},
  number={6},
  pages={1085--1092},
  year={2006}
}

@article{bianchi1999fao,
  title={FAO species identification guide for fishery purposes},
  author={Bianchi, G and Carpenter, KE and Roux, JP and Molloy, FJ and Boyer, D and Boyer, HJ},
  journal={Field guide to the living marine resources of Namibia. FAO, Rome},
  volume={265},
  year={1999}
}

@article{waller1992factors,
  title={Factors influencing routine oxygen consumption in turbot, Scophthalmus maximus},
  author={Waller, Uwe},
  journal={Journal of applied ichthyology},
  volume={8},
  number={1-4},
  pages={62--71},
  year={1992}
}

@article{inoue2015effect,
  title={Effect of salinity on the growth of juvenile longtooth grouper Epinephelus bruneus in tank culture.},
  author={Inoue, Nariaki and Iwasaki, Takashi and Shimada, Yukinori and Satoh, Jun and Nishioka, Toyohiro and others},
  journal={Nippon Suisan Gakkaishi},
  volume={81},
  number={5},
  pages={803--810},
  year={2015}
}

@article{moring1984feeding,
  title={Feeding of underyearling walleye surfperch, Hyperprosopon argenteum, in a northern California bay},
  author={Moring, John R},
  journal={Estuaries},
  pages={102--104},
  year={1984}
}

@article{spinelli2017first,
  title={First record from Sicily of the Adriatic dwarf goby, Knipowitschia panizzae (Osteichthyes, Gobiidae), a threatened species or a threat for conservation?},
  author={Spinelli, Andrea and De Matteo, Sergio and Costagliola, Antonio and Giacobbe, Salvatore and Kova{\v{c}}i{\'c}, Marcelo},
  journal={Marine biodiversity},
  volume={47},
  pages={237--242},
  year={2017}
}

@article{cciccek2015freshwater,
  title={Freshwater fishes of Turkey; a revised and updated annotated checklist},
  author={{\c{C}}i{\c{c}}ek, Erdo{\u{g}}an and Sungur, Sevil and Fricke, Ronald},
  year={2015},
  publisher={Biharean Biologist, Oradea, Romania}
}

@article{skovrind2016genomic,
  title={Genomic population structure of freshwater-resident and anadromous ide (Leuciscus idus) in north-western Europe},
  author={Skovrind, Mikkel and Olsen, Morten Tange and Vieira, Filipe Garrett and Pacheco, George and Carl, Henrik and Gilbert, M Thomas P and M{\o}ller, Peter Rask},
  journal={Ecology and evolution},
  volume={6},
  number={4},
  pages={1064--1074},
  year={2016}
}

@article{watanabe1996interspecific,
  title={Interspecific relationship by composition of stomach contents of fish at Akkeshi-ko, an estuary at eastern Hokkaido, Japan},
  author={Watanabe, K and Minami, T and Iizumi, H and Imamura, S},
  journal={Bulletin of the Hokkaido National Fisheries Research Institute (Japan)},
  year={1996}
}

@article{loureiro2017length,
  title={Length--weight relationships for seven fish species from Maraj{\'o} Bay, Amazon estuary, northern Brazil},
  author={Loureiro, SN and Mour{\~a}o J{\'u}nior, M and Giarrizzo, T},
  journal={Journal of Applied Ichthyology},
  volume={33},
  number={3},
  pages={620--622},
  year={2017}
}

@article{bhakta2021morphological,
  title={Morphological and molecular analysis of Otolithoides pama (Hamilton, 1822)(Perciformes: Sciaenidae) from Hooghly-Matlah estuarine system of West Bengal, India},
  author={Bhakta, D and Das, SK and Das, BK and Behera, BK and Nagesh, TS and Johnson, C and Chakraborty, HJ},
  year={2021},
  publisher={NISCAIR-CSIR, India}
}

@article{muriel2005new,
  title={New data on cistern catfish, Phreatobius cisternarum, from subterranean waters at the mouth of the Amazon River (Siluriformes, Incertae Sedis)},
  author={Muriel-Cunha, Janice and Pinna, M{\'a}rio de},
  journal={Pap{\'e}is Avulsos de Zoologia},
  volume={45},
  pages={327--339},
  year={2005}
}

@article{rogowski2006parasites,
  title={Parasites and salinity: costly tradeoffs in a threatened species},
  author={Rogowski, David L and Stockwell, Craig A},
  journal={Oecologia},
  volume={146},
  pages={615--622},
  year={2006}
}

@article{payne2000rearing,
  title={Rearing West Australian seahorse, Hippocampus subelongatus, juveniles on copepod nauplii and enriched Artemia},
  author={Payne, Michael F and Rippingale, RJ},
  journal={Aquaculture},
  volume={188},
  number={3-4},
  pages={353--361},
  year={2000}
}

@article{pham2010reproductive,
  title={Reproductive cycle in female Waigieu seaperch (Psammoperca waigiensis) reared under different salinity levels and the effects of dopamine antagonist on steroid hormone levels},
  author={Pham, Hung Quoc and Kj{\o}rsvik, Elin and Nguyen, Anh Tuong and Nguyen, Mao Dinh and Arukwe, Augustine},
  journal={Journal of Experimental Marine Biology and Ecology},
  volume={383},
  number={2},
  pages={137--145},
  year={2010}
}

@article{schofield2006salinity,
  title={Salinity tolerance of goldfish Carassius auratus L., a non-native fish in the United States},
  author={Schofield, Pamela J and Brown, Mary E and Fuller, Pam L},
  journal={Florida Scientist},
  pages={258--268},
  year={2006}
}

@article{power2007temperature,
  title={Temperature-dependent temporal variation in the size and growth of Thames estuary smelt Osmerus eperlanus},
  author={Power, Michael and Attrill, Martin J},
  journal={Marine Ecology Progress Series},
  volume={330},
  pages={213--222},
  year={2007}
}

@article{veale2014characteristics,
  title={Characteristics of the ichthyofauna of a temperate microtidal estuary with a reverse salinity gradient, including inter-decadal comparisons},
  author={Veale, L and Tweedley, JR and Clarke, KR and Hallett, CS and Potter, IC},
  journal={Journal of Fish Biology},
  volume={85},
  number={5},
  pages={1320--1354},
  year={2014}
}

@article{trujillo2018reproductive,
  title={Reproductive traits of the “ocellated killifish” Floridichthys polyommus Hubbs, 1936 (Pisces: Cyprinodontidae) inhabiting estuary of the Champot{\'o}n River (Campeche, Mexico)},
  author={Trujillo-Jim{\'e}nez, P and Sede{\~n}o-D{\'\i}az, JE and L{\'o}pez-L{\'o}pez, E},
  journal={Journal of Applied Ichthyology},
  volume={34},
  number={4},
  pages={806--814},
  year={2018}
}

@article{Soares2020feeding,
author = {Soares, Bruno and Lobato, Cleonice and Marceniuk, Alexandre and Rosa, Daniela and Montag, Luciano},
year = {2020},
month = {05},
pages = {59-61},
title = {Feeding of the estuarine catfish Cathorops arenatus (Valenciennes, 1840) in Maiandeua Island, Pará, Brazil},
volume = {10}
}
